2392 4062
514 218 585 275 40
910 214 1622 300 ANIMADVERSIONES
1657 217 1736 271 IN
1758 235 1761 237 ’

519 371 685 430 animi
753 371 867 428 sine
944 375 1185 440 ratione,
1239 371 1508 445 opinantis
1574 392 1628 427 se
1709 367 1902 444 magno
1962 370 2107 438 bono

515 462 686 517 fruist'
726 461 911 533 ibique
944 459 1083 514 Dav.
1118 474 1173 512 et
1212 456 1382 514 Goer.

592 551 721 606 Sive
766 549 968 601 deus-
992 547 1244 617 natura]
1290 546 1356 600 de
1401 544 1527 600 Sen.
1574 562 1655 601 12.
1693 542 1978 620 »Cumque
2014 546 2114 601 ho-

513 638 648 696 mini
695 636 805 689 sive
854 647 1137 703 natura,
1190 634 1307 687 sive.
1348 634 1501 707 quis
1552 631 1765 688 deus-
1819 634 2108 689 dedisset.’²

513 724 563 779 E
582 722 884 776 Stoicorum
914 720 1197 794 disciplina
1222 719 1397 774 Deum
1427 719 1587 773 modo
1607 719 1902 790 mundum,
1945 720 2107 776 modo

514 824 765 863 naturam
794 808 1219 863 nominantium.
1250 807 1372 862 vid.
1398 807 1465 862 de
1486 806 1559 861 N.
1589 805 1658 860 D.
1693 806 1738 862 Ι.
1784 808 1867 863 14.
1890 822 1944 863 et
1973 806 2113 862 Tur-

516 896 642 950 neb.
672 895 755 948 ad
767 895 957 965 Legg..
982 894 1027 948 Ι.
1065 895 1118 949 6.
1159 893 1320 948 Conf.
1365 895 1672 948 Tiedeman
1700 891 1857 967 Syst.
1895 893 1994 949 der
2029 891 2111 949 St.

512 983 614 1036 Ph.
652 981 812 1036 Tom.
861 981 935 1036 ΙΙ.
989 980 1108 1035 186.
1140 1000 1255 1054 seq.
1309 981 1628 1036 Tennemcm
1679 980 1880 1041 Gesch.
1917 981 1974 1053 d.
2006 980 2113 1038 ΡΒ.

509 1067 670 1122 Tom.
715 1067 810 1123 IV.
871 1067 963 1123 45.
1024 1087 1146 1143 seq.
1221 1068 1493 1141 Imprimis
1568 1070 1780 1143 Lipsius
1873 1070 2114 1146 Physiol.

519 1154 684 1215 Stoic.
742 1155 813 1211 Ι..
854 1155 902 1210 l.
939 1155 1066 1210 diss.
1110 1157 1162 1210 5.
1194 1173 1317 1229 pag.
1360 1155 1460 1209 841
1508 1171 1564 1211 et
1601 1156 1724 1212 842.

584 1243 674 1297 Sic
717 1252 772 1297 te
834 1243 1068 1314 abjicies·
1117 1254 1286 1317 atque
1326 1254 1645 1318 prosternes
1696 1277 1734 1286 -
1779 1248 2040 1303 interesse
2060 1247 2152 1320 ?]

520 1327 727 1383 Eadem
773 1334 1176 1402 conjunguntur
1215 1331 1333 1385 Cat.
1375 1331 1447 1386 II.
1500 1353 1546 1385 1.
1603 1333 1785 1395 »Jacet
1832 1332 1924 1389 ille
1970 1355 2117 1391 nune

518 1434 680 1487 pros
698 1430 926 1472 tratus
944 1457 960 1488 ‚
997 1417 1272 1490 QuiriteS,
1313 1434 1368 1475 et
1391 1439 1445 1474 se
1466 1420 1773 1494 perculsum
1795 1436 1958 1498 atque
1995 1416 2112 1479 ab—

524 1521 626 1575 1‚ec
641 1516 780 1566 tum
824 1522 970 1567 esse
1025 1506 1244 1566 sentit.''
1294 1506 1420 1561 Non
1463 1527 1599 1581 opus
1636 1524 1715 1563 est
1764 1509 1939 1581 legere
1986 1532 2113 1568 cum

523 1585 740 1653 Schutz,
768 1592 915 1651 inter:
943 1603 997 1647 te
1011 1631 1029 1663 ‚
1057 1604 1227 1667 atque
1251 1596 1398 1649 inter
1426 1596 1868 1670 quadrupedem.
1905 1599 1972 1654 de
1999 1599 2112 1656 Off.

521 1675 637 1736 L4.
665 1675 807 1734 »Sed
824 1680 965 1742 inter
998 1681 1276 1736 hominem
1312 1702 1340 1736 e
1360 1697 1383 1735 t
1415 1682 1723 1737 belluam
1755 1685 1859 1739 hoc
1883 1686 2119 1742 maxime

522 1765 804 1826 interest.'’
889 1767 1051 1823 Conf.
1089 1769 1157 1822 de
1193 1770 1368 1824 Amic.
1410 1769 1498 1823 13.

606 1857 680 1912 In
698 1857 1001 1937 potiundis
1052 1856 1485 1930 voluptatibus.]
1523 1855 1735 1911 Forma
1756 1858 1976 1931 antiqua
2007 1858 2130 1913 Ao·-

533 1944 802 1998 cusativus
819 1943 949 1998 huic
977 1944 1143 1998 verbo
1165 1944 1427 2014 jungitur.
1479 1942 1639 1998 Conf.
1669 1945 1737 1997 de
1768 1944 1894 1999 Fin.
1919 1944 1988 1998 V.
2020 1944 2107 1998 24.

529 2032 733 2106 Nepos.
763 2031 929 2087 Eum.
968 2031 1021 2087 3.
1059 2032 1184 2085 Pari
1217 2044 1484 2084 structura
1509 2033 1742 2086 occurrit
1768 2032 1990 2089 verbum
2029 2033 2118 2088 uti

531 2121 686 2174 Verr.
710 2119 783 2173 Π.
815 2117 896 2173 18.
915 2119 1102 2194 fungi
1123 2119 1188 2173 de
1220 2120 1300 2176 Re
1319 2118 1456 2172 Pub.
1482 2119 1526 2171 I.
1557 2139 1637 2191 17.
1689 2119 1886 2194 Nepos.
1913 2122 2037 2177 Dat.
2067 2141 2115 2175 1.
2139 2169 2142 2172 ,

533 2207 693 2261 Conf.
746 2206 988 2269 Donatus
1050 2207 1119 2259 ad
1167 2204 1296 2262 Ter.
1350 2206 1570 2260 Phorm.
1611 2208 1682 2262 Π.
1732 2229 1779 2264 1.
1813 2211 1900 2266 51.
1947 2227 2002 2266 et
2050 2215 2117 2268 ad

529 2295 764 2368 Adelph.
795 2295 864 2349 V.
898 2295 953 2348 4.
999 2313 1083 2365 17.

592 2384 929 2441 :Gloriando
1007 2403 1125 2436 sese
1191 2392 1247 2436 et
1298 2380 1762 2460 praedicatione]
1833 2384 2118 2461 Exquisita

537 2487 808 2535 structura
895 2470 1218 2542 gerundium
1279 2489 1402 2523 cum
1462 2467 1795 2525 substantivo
1848 2474 2110 2544 jungitur.

544 2559 1062 2614 Conf.deAmicitia
1099 2577 1180 2628 17.
1209 2576 1447 2630 »quam
1482 2555 1893 2616 blanditiis
1925 2578 1980 2617 et
2019 2561 2149 2618 asu⁴
2221 2605 2228 2614 ,

539 2672 565 2703 s
580 2670 658 2704 en
678 2665 741 2704 ta
758 2648 843 2703 nd
857 2669 890 2703 o
931 2646 1177 2718 colligere
1218 2660 1376 2717 turpe
1412 2644 1548 2698 est.”
1601 2643 1728 2716 Quo
1763 2646 1881 2702 loco
1923 2670 2119 2704 assen-

537 2737 709 2811 tando
742 2755 868 2790 cum
914 2734 1241 2790 ‹ts-sectando
1286 2731 1420 2786 falso
1466 2749 1804 2804 permutatur
1825 2774 1842 2804 ‚
1900 2751 1963 2790 ut
1993 2737 2116 2792 Par.

534 2825 603 2888 V.
672 2841 725 2879 2.
775 2833 1095 2885 assentatur
1131 2841 1256 2875 cum
1292 2829 1626 2877 assecbatur.
1669 2820 1735 2874 de
1774 2820 1855 2875 Re
1877 2822 2035 2878 Publ.
2068 2823 2117 2878 I.

550 2917 631 2971 16.
668 2912 869 2985 »Quod
903 2931 1027 2967 cum
1086 2910 1247 2982 disp
1266 2923 1342 2964 ut
1365 2908 1540 2962 ando
1609 2928 1678 2960 ra
1694 2909 1967 2965 tionibu
1985 2931 2119 2984 sque

542 3002 842 3059 docuisset”

618 3094 777 3163 Quae
793 3089 1049 3161 plurimo
1059 3105 1183 3140 rum
1189 3084 1531 3157 patrociniis
1553 3083 1916 3158 defenditur]
1942 3086 2012 3140 de
2033 3087 2116 3140 Re

548 3180 792 3236 Publ.11.
816 3179 877 3233 14
899 3165 1577 3250 »quorumpatrocinio
1596 3171 2116 3228 -defen‘diturss’

535 3269 600 3323 de
627 3271 783 3324 Orat.
798 3269 894 3322 ΠΙ.
918 3287 998 3339 17.
1041 3262 1157 3318 »Ea
1181 3259 1550 3336 philosophia,
1588 3279 1722 3334 quae
1755 3262 1984 3334 suscepit
2003 3263 2116 3333 pa-
2144 3257 2147 3261 ’

1973 3363 2112 3405 tro-
2206 3412 2207 3415 Ἴ
