2392 4062
700 221 1088 280 CICERONIS
1129 216 1556 276 PARADOXA.
1861 221 1927 275 41

333 367 719 423 trocinium
785 363 1237 440 voluptatis.'’
1286 361 1354 416 de
1410 358 1535 414 Fin.
1577 358 1676 413 ΙΙΙ.
1738 377 1783 412 1.
1842 359 1935 414 »Si

332 458 448 532 ipsa
499 455 791 532 (voluptas)
844 476 944 530 pro
994 474 1050 509 se
1102 452 1394 527 loquatur,
1463 468 1562 503 nec
1606 462 1716 503 tam
1755 450 1930 522 perti-.-

331 540 489 600 naces
519 543 715 599 habeat
738 543 1052 619 patronos.”
1079 542 1304 598 Eadem
1340 554 1602 616 potestate
1640 555 1931 614 usurpatur

330 635 570 692 laudare
589 672 608 705 ‚
643 649 706 690 ut
730 635 942 689 monuit
976 629 1145 688 Goer.
1186 632 1309 685 Fin.
1350 630 1395 684 1.
1448 646 1533 683 10.

401 725 695 782 Habenda
734 745 847 780 non
899 732 986 779 est
1002 763 1020 794 ,
1051 741 1227 796 eaque
1263 739 1374 795 quo
1411 727 1494 774 est
1524 716 1751 790 majora]
1785 714 1932 772 Haeo

328 802 415 874 ita*
454 815 638 891 explet
669 815 847 891 Wytt.
885 815 946 869 in
977 811 1182 867 Scholis
1227 810 1294 863 ad
1317 809 1376 862 h.
1413 806 1452 860 l.
1482 803 1779 876 »Habenda
1819 825 1930 859 non

327 920 428 962 est.
473 905 599 960 Jam
635 925 764 961 vero
804 902 1051 977 voluptas
1086 901 1147 955 in
1182 899 1340 953 bonis
1382 893 1631 949 habenda
1666 913 1779 948 non
1821 908 1932 965 est3

240 1002 250 1007 ‘
328 1012 502 1068 eaque
527 1013 638 1068 quo
657 1007 738 1048 est
759 991 997 1063 major.''
1032 985 1249 1043 Gernh.
1284 985 1415 1058 legit
1435 985 1712 1040 demovet.
1740 984 1929 1056 Locis,

328 1101 472 1158 quae
514 1083 646 1138 citat
684 1082 782 1137 Vir
823 1080 979 1136 Doct.
1029 1077 1154 1134 addi
1199 1088 1442 1150 possunt.
1491 1095 1593 1148 pro
1646 1076 1803 1131 Caec.
1846 1095 1930 1149 17.

325 1170 467 1226 Phi!.
498 1170 572 1228 II.
603 1187 688 1225 21.
718 1169 814 1224 IV.
853 1170 907 1222 5.
940 1168 1008 1222 de
1043 1166 1167 1220 Fin.
1203 1164 1297 1218 lV.
1335 1180 1420 1238 2t.
1471 1162 1762 1234 Vulgatum
1797 1163 1930 1218 reti-

324 1261 544 1316 nuimus
599 1279 725 1316 cum
765 1258 923 1312 Face.
979 1275 1143 1331 quem
1182 1253 1303 1310 vide
1357 1272 1504 1308 voce.
1550 1255 1840 1311 demovere
1876 1269 1931 1309 et

324 1347 628 1403 dimovere.

395 1435 574 1494 Nihil
620 1433 790 1488 aliud
815 1463 854 1475 ·—
890 1441 1031 1487 recte
1075 1431 1306 1503 vivere]
1344 1430 1702 1505 Comparetur
1746 1435 1930 1507 perio-

323 1518 424 1574 dus
485 1519 730 1574 similiter
788 1539 1073 1575 numerose
1109 1519 1320 1575 cadens.
1373 1520 1575 1576 Orator
1616 1522 1703 1577 68.
1741 1523 1929 1579 »Nihil

322 1609 477 1667 enim.
516 1623 597 1663 est
653 1608 832 1679 aliud,
884 1609 1048 1663 Brute
1099 1608 1272 1684 (quod
1319 1609 1540 1683 quidem
1603 1625 1665 1664 tu
1702 1613 1925 1667 minime

322 1698 569 1751 omnium
625 1698 861 1771 ignoras)
914 1697 1139 1771 pulchre
1186 1713 1240 1752 et
1291 1701 1522 1754 oratorie
1563 1700 1772 1773 dicere,
1823 1705 1928 1758 nisi

322 1785 539 1862 optimis
580 1788 894 1859 sententiis,
948 1786 1236 1861 verbisque
1279 1786 1575 1843 lectissimis
1606 1790 1849 1845 dicere.''·

993 1923 1204 1983 ἓῆἒῡὲ

825 2024 1287 2089 PARADOXON
1338 2028 1411 2083 ΙΙ.

380 2131 505 2192 άΟἰτι
538 2134 811 2204 αὐτάρκης]
865 2131 1000 2185 Vide
1038 2131 1263 2205 Betulej.
1302 2134 1370 2187 ad
1410 2135 1466 2188 h.
1504 2135 1544 2189 l.

385 2222 512 2276 Nec
562 2241 692 2276 vero
750 2222 898 2294 ega]
959 2220 1081 2274 Par.
1124 2220 1219 2275 lV.
1264 2223 1342 2276 in.
1396 2223 1550 2294 »Eg-o
1587 2230 1747 2281 vero
1801 2229 1915 2282 te.''

315 2306 439 2365 Par.
475 2306 544 2363 V.
589 2309 668 2363 in.
702 2307 1013 2362 »Laudemr
1051 2326 1215 2362 vero
1255 2309 1406 2363 hic.’'v
1437 2310 1553 2365 Hoc
1587 2313 1786 2369 idcirco
1819 2335 1917 2371 no-

316 2398 577 2468 tavimus,
627 2398 754 2470 quia
787 2395 998 2471 Sylvius
1033 2386 1266 2453 malebat
1298 2419 1399 2454 nec
1424 2420 1530 2475 ego
1549 2423 1682 2458 vero
1706 2443 1723 2474 ‚
1766 2405 1914 2478 quod

314 2484 480 2539 habet
514 2485 644 2540 Mss.
680 2484 807 2540 Vos.
836 2484 934 2539 ΝΟ.
987 2504 1071 2541 10.

388 2576 692 2651 Regulum
718 2607 756 2616 --
794 2575 855 2630 0.
890 2577 1170 2648 Marius]
1221 2574 1359 2632 Vide
1378 2575 1579 2633 Graev.
1606 2592 1660 2632 et
1699 2576 1913 2636 Gernh.

312 2666 382 2722 ad
418 2667 478 2722 h.
514 2664 554 2720 l.
601 2679 656 2720 et
698 2663 833 2718 Ern.
874 2663 944 2720 cl.
983 2662 1095 2717 Cic.

382 2753 735 2830 Magnitudo
788 2753 970 2807 animi
994 2783 1031 2792 -
1053 2753 1316 2827 gravitas·
1329 2793 1350 2818 ‚
1407 2774 1519 2808 non
1556 2753 1715 2827 fides
1731 2795 1748 2826 ,
1799 2776 1912 2810 notz

310 2844 683 2918 constantia,
721 2860 836 2910 non
893 2841 1019 2894 ulla
1062 2842 1290 2914 virtus-J
1348 2841 1556 2900 Eadem
1609 2850 1912 2918 junguntur

309 2951 410 3005 pro
430 2930 582 2986 Ball).
619 2932 672 2986 5.
692 2928 890 2984 »Hunc
914 2959 952 2970 -—
978 2929 1363 3001 gravitate,
1409 2933 1712 3003 virtute,
1762 2953 1911 2987 con·

308 3020 570 3075 stantia
604 3016 966 3094 praeditum.”
1025 3017 1132 3071 Pro
1170 3016 1303 3088 Reg.
1344 3017 1467 3091 Dej.
1510 3021 1562 3074 6.
1607 3018 1748 3074 »Cui
1780 3040 1914 3092 por-

309 3130 372 3164 ro
395 3107 1022 3180 -DejotariintegritaS‚
1066 3105 1413 3179 gravitas,
1452 3111 1708 3180 virtus,
1732 3109 1908 3165 fides

309 3218 420 3252 non
444 3195 625 3251 audita
670 3194 811 3258 est?’'
846 3195 987 3251 Phil.
1016 3194 1113 3250 III.
1155 3196 1204 3249 5.
1243 3195 1308 3249 V.
1350 3217 1395 3251 1.
1431 3198 1497 3252 de
1533 3199 1653 3253 Fin.
1677 3200 1774 3255 III.
1815 3219 1903 3255 22.

306 3285 525 3360 »Quam
563 3286 828 3357 gravis,
888 3304 1052 3358 quam
1090 3286 1501 3357 magnifica,
1546 3309 1707 3362 quam
1748 3311 1906 3344 con—

1650 3401 1674 3436 s
1694 3383 1904 3437 tans-'²
