2392 4062
821 272 1345 339 PARADOXA.
1811 272 1883 331 15

310 426 488 500 servi.
570 420 699 485 Nec
744 423 859 484 hoc
898 438 1022 484 tam
1071 445 1133 484 re
1176 439 1295 495 est,
1343 443 1520 506 quam
1557 417 1720 481 dictu
1743 417 1889 478 ino-

308 510 583 593 pinatum
625 522 802 588 atque
844 504 1135 564 mirabile.
1219 504 1361 564 Non
1388 505 1547 564 enim
1574 503 1658 562 ita
1682 498 1890 561 dieunt

309 610 413 651 eos
457 609 579 650 esse
613 606 847 659 servm,
905 601 973 645 ut
1023 584 1346 666 mancipia,
1398 606 1548 666 quae
1588 596 1726 643 sunt
1770 579 1890 641 do·-

247 730 250 733 ,
311 670 614 730 minorum
650 667 804 728 facta
844 686 1032 740 nexit,
1089 682 1191 726 aut
1244 666 1446 747 aliquo
1503 665 1633 744 jure
1692 660 1855 722 civili
1871 686 1892 735 3

311 749 452 824 sed,
502 749 550 809 si
592 747 841 809 servitus
890 745 998 820 sit,
1031 747 1183 808 sicut
1207 763 1327 818 est,
1371 744 1710 806 obedientia
1739 743 1896 804 frac-

313 828 624 903 ti'animi,
666 844 727 889 et
766 825 1016 908 abjecti,
1075 843 1135 888 et
1175 825 1421 887 arbitrio
1462 825 1713 886 carentis
1749 845 1894 900 suo,

313 910 449 994 quis
480 925 687 990 neget,
730 927 932 970 omnes
962 906 1155 983 leves,
1198 928 1400 968 omnes
1440 905 1721 989 cupidos,
1764 918 1899 966 om-

314 1014 421 1053 nes
461 991 715 1084 denique
759 988 1094 1071 impr0b05‚
1153 1010 1275 1050 esse
1329 991 1565 1049 servos?

397 1072 612 1134 ILAn
625 1071 728 1131 1lle
743 1069 890 1130 mihi
910 1067 1093 1143 liber,
1134 1069 1228 1130 cui
1259 1068 1472 1129 mulier
1485 1068 1772 1149 imperat?
1798 1065 1898 1127 cui

315 1153 477 1239 leges
521 1149 813 1234 imponit,
853 1149 1237 1230 praeseribit.
1280 1150 1480 1229 jubet,
1508 1165 1705 1221 vetat,
1734 1147 1898 1229 quod

320 1234 600 1298 videtur?
615 1231 718 1316 qui
746 1229 898 1290 nihil
913 1228 1227 1310 imperanti
1240 1251 1452 1310 negare
1477 1244 1675 1311 potest
1695 1271 1713 1298 ‚
1745 1226 1900 1289 nihil

319 1335 585 1378 recusare
639 1310 858 1372 audet?
938 1309 1175 1371 Poscit?
1216 1308 1480 1371 dandum
1521 1326 1645 1381 est;
1684 1314 1898 1370 vocat?

321 1392 718 1466 veniendumj,
756 1392 955 1474 ejicit?
995 1392 1367 1464 abeundum3
1407 1390 1706 1452 minatur?
1749 1391 1903 1451 exti-

321 1476 717 1538 mescendum.
799 1473 929 1554 Ego
980 1493 1122 1533 vero
1163 1472 1344 1533 istum
1384 1492 1505 1533 non
1545 1473 1725 1533 modo
1766 1493 1902 1548 ser-

320 1576 498 1630 vum,
539 1556 642 1617 sed
667 1553 1090 1636 nequissimum
1118 1575 1386 1630 servum,
1429 1553 1656 1615 etiamsi
1682 1553 1745 1614 in
1775 1576 1905 1613 am-

319 1637 584 1721 plissima
620 1635 845 1696 familia
884 1636 1056 1701 natus
1097 1635 1172 1695 sit
1191 1679 1209 1705 ‚
1264 1634 1687 1717 appellandum
1729 1650 1902 1717 puto,

320 1719 535 1802 Atque
564 1733 633 1778 ut
670 1717 734 1776 in
759 1737 972 1798 magna
1006 1715 1235 1776 familia
1263 1732 1401 1777 sunt
1441 1716 1544 1777 alii
1581 1716 1862 1777 lautiores
1883 1763 1908 1794 ,

324 1801 428 1879 (ut
471 1797 586 1860 sibi
646 1796 956 1874 videntur)
1020 1797 1207 1871 servi,
1283 1795 1388 1858 sed
1450 1814 1647 1859 tamen
1713 1797 1901 1873 servi,

319 1879 605 1941 atrienses
643 1901 714 1940 ac
761 1876 999 1961 topiarii
1011 1901 1033 1950 3
1087 1878 1217 1960 pari
1260 1878 1514 1940 stultitia
1540 1887 1725 1952 sunt‚'
1754 1872 1904 1961 quos

323 1960 528 2041 signa,
571 1980 720 2043 quos
746 1959 1016 2033 tabulae,
1059 1981 1206 2042 quos
1238 1959 1530 2021 caelatum
1561 1975 1904 2044 argentum,

405 2062 475 2118 *os
517 2039 828 2102 Corinthia
868 2060 1085 2122 opera,
1142 2060 1289 2124 quos
1347 2040 1614 2103 aedificia
1667 2041 1908 2122 magni-

323 2060 438 2184 ffiia
478 2121 666 2182 nimio
708 2141 887 2215 opere
926 2118 1243 2182 delectant.
1327 2124 1420 2184 At
1461 2143 1694 2198 sumus,
1741 2129 1757 2153 ¹
1807 2121 1909 2182 in-

327 2203 496 2288 quit,
532 2200 803 2274 ,civitans
843 2201 1159 2284 principes,
1244 2201 1378 2263 Vos
1429 2224 1573 2264 vero
1625 2225 1702 2264 ne
1759 2224 1909 2265 con-

325 2305 633 2346 servorum
688 2281 929 2366 quidem
981 2297 1313 2342 vestrorum
1377 2283 1676 2366 principes
1745 2284 1909 2346 estis.

326 2363 446 2426 Sed
484 2381 554 2426 ut
591 2367 656 2425 in
691 2364 949 2440 familia,
989 2362 1104 2455 qui·
1143 2380 1400 2426 tractant
1443 2364 1586 2441 ista,
1631 2366 1734 2449 qui
1775 2381 1907 2426 ter-

328 2461 510 2526 gunt,
553 2445 656 2528 qui
696 2450 960 2526 tingunt,
1003 2466 1106 2528 qul
1135 2464 1413 2521 verrunt,
1457 2447 1559 2531 qni
1590 2464 1908 2532 spargunt,

327 2547 451 2586 non
507 2527 983 2587 honestissimum
1050 2525 1250 2587 locum
1306 2528 1607 2590 servitutis
1666 2545 1908 2601 tenent3

327 2606 415 2668 sic
453 2607 516 2668 in
542 2607 814 2679 civitate,
855 2607 958 2692 qui
999 2628 1060 2667 se
1099 2607 1345 2668 istarum
1378 2633 1575 2671 rerum
1603 2609 1910 2693 cupidita-

329 2687 490 2751 tibus
521 2686 906 2764 dediderunt,
954 2688 972 2748 i
1018 2688 1136 2748 sius
1167 2690 1469 2752 servitutis
1496 2693 1698 2753 locum
1721 2715 1912 2775 paene

306 2768 601 2830 „infimum
630 2770 922 2831 obtinent.
1063 2791 1245 2854 agna,
1275 2778 1298 2801 2
1327 2772 1555 2857 inquit,
1584 2773 1745 2834 bella
1810 2795 1912 2835 es-
1940 2828 1945 2833 .

329 2849 411 2911 si:
443 2852 668 2932 magnis
699 2851 994 2934 imperii5‚
1026 2868 1085 2911 et
1111 2851 1430 2933 provinciis
1457 2854 1706 2937 praefui.
1752 2796 1913 2915 gere

330 2930 514 3016 igitur
538 2932 801 2993 animum
830 2933 1007 2993 laude
1037 2931 1303 3015 dignum.
1386 2935 1668 3015 Echionis
1710 2935 1915 2996 tabula

332 3027 392 3072 te
417 3012 737 3105 *stupidum
778 3013 1042 3086 detinet,
1085 3031 1187 3075 aut
1231 3016 1467 3096 signum
1508 3018 1754 3102 aliquod
1783 3018 1914 3080 Po·-

331 3092 561 3176 lycletr.
644 3095 869 3170 Mitto,
914 3094 1074 3177 unde
1121 3097 1459 3173 sustuleris,
1514 3117 1571 3161 et
1612 3102 1914 3183 quomodo

332 3173 570 3235 habeas.
653 3179 994 3238 Intuentem
1048 3195 1145 3256 te,
1205 3178 1628 3258 admirantem,
1693 3182 1919 3245 clamo-

1828 3287 1919 3327 ΓΕΒ

386 3396 404 3422 2
429 3388 520 3424 0011.
542 3389 602 3431 84.
629 3390 763 3437 inquit.

384 3445 406 3481 q
434 3437 522 3471 Cod.
549 3439 607 3480 84.
630 3439 702 3477 Ed.
746 3442 818 3476 Pr:
846 3440 1000 3487 inqu'w.
