2392 4062
683 242 1070 298 CICERoNJs
1103 234 1537 298 PARADOXA'.
1843 260 1910 314 77

393 380 531 438 Non
564 381 728 437 modo
767 384 850 438 ad
880 394 1128 438 sumtum
1166 385 1264 439 ille
1301 394 1385 439 est
1402 383 1634 459 fructus
1648 420 1665 453 ‚
1703 380 1810 436 sed
1839 392 1912 436 et.

322 492 380 527 a.
403 471 465 546 f.
501 473 617 543 em]
670 470 756 526 Sic
794 492 984 527 omnes·
1008 472 1195 544 legunt
1241 487 1364 547 post
1406 472 1733 526 Lambinum
1751 507 1769 539 ‚
1819 471 1918 542 qui

322 579 490 633 quam
528 558 668 613 bene
709 560 777 614 de
814 561 918 615 hoc
948 559 1067 614 loco
1119 562 1342 614 meritus
1390 561 1492 630 sit,
1538 557 1737 633 poterit
1766 555 1918 627 judi—

319 647 433 702 cari
485 665 555 701 ex
602 646 738 703 Cod.
792 647 944 703 VosS.
995 648 1092 703 ΝΟ.
1152 669 1234 704 10.
1287 649 1516 704 lectione
1539 688 1556 718 ‚
1610 666 1812 721 quam,
1853 660 1918 700 ut

320 735 653 799 verissimam
696 737 755 789 in
789 750 998 790 textum
1057 738 1296 810 recipere
1353 757 1466 791 non
1527 735 1913 790 dubitavimus.

325 818 485 876 §Non
528 822 690 877 modo
724 822 934 878 fructus
967 822 1059 877 ille
1093 823 1161 878 ad
1197 839 1405 879 sumtus
1428 864 1447 896 ,
1506 824 1599 879 sed
1649 824 1812 877 etiam
1847 822 1917 876 ad.

322 908 516 966 foenus
551 910 834 983 exiguuS.''
869 910 1026 985 Quae
1064 906 1222 968 lectio
1258 916 1330 968 ob
1359 929 1591 989 quatuor
1626 915 1922 968 terminati·

322 1020 455 1056 ones
507 1020 576 1056 us
626 1019 812 1056 ansam
864 1003 1117 1076 praebuit
1165 1003 1516 1058 variantibus.
1570 1000 1691 1056 Cat.
1741 1000 1815 1055 II.
1857 999 1914 1056 8.

323 1083 530 1159 »Quod
563 1087 610 1142 si
645 1089 910 1143 maturius
950 1089 1126 1145 facere
1177 1090 1468 1146 voluissent
1487 1129 1505 1161 ‚
1555 1109 1734 1164 neque
1779 1109 1917 1143 cer-

323 1187 473 1252 tare
508 1193 656 1230 cum
690 1178 933 1232 usuris·
963 1178 1316 1235 fructibus
1352 1178 1757 1252 praediorum.''
1806 1177 1920 1230 ibi-

325 1282 434 1337 que
468 1264 675 1319 Muret-
715 1279 770 1318 et
812 1262 1030 1322 Schutz.
1071 1265 1233 1322 Conf.
1271 1266 1415 1321 Phil.
1456 1263 1612 1321 XIV.
1638 1284 1691 1338 7.
1729 1262 1920 1320 »Stul—

322 1353 526 1408 tissime
575 1352 739 1425 facit,
804 1355 850 1409 si
886 1356 1028 1409 vitiis
1064 1375 1192 1411 cum
1235 1353 1435 1410 virtute
1472 1346 1811 1408 contendit.''

393 1441 688 1498 Detractis
739 1442 1017 1499 sumtibus
1069 1443 1400 1517 cupiditatis
1455 1472 1495 1483 -
1531 1438 1919 1511 redundabit.]

239 1578 249 1587 ,
322 1528 367 1583 ἱ.
403 1547 454 1583 e.
493 1529 753 1602 sublatis,
803 1533 1014 1586 amotiS.
1053 1530 1216 1585 Conf.
1255 1531 1323 1584 de
1367 1529 1507 1585 Orat
1551 1528 1601 1582 I.
1651 1528 1740 1585 26.
1787 1527 1916 1582 Fin.

322 1615 375 1672 1.
418 1635 477 1671 11
490 1657 506 1674 .
567 1616 751 1693 Nepos
799 1619 925 1692 Iph.
979 1639 1028 1673 1.
1066 1621 1294 1675 Sumtus
1343 1617 1674 1690 cupiditatis
1721 1615 1921 1671 dicun-

329 1720 449 1778 tur,
483 1726 584 1781 pro
618 1708 758 1761 Rab.
797 1707 948 1761 Post.
993 1707 1077 1760 16.
1115 1705 1365 1779 »Turpes
1398 1705 1670 1778 impensae
1704 1703 1924 1778 cupidi-

325 1797 565 1852 tatum.'’
599 1794 857 1852 Similiter
879 1795 1018 1849 dixit
1049 1795 1180 1848 Rut.
1203 1792 1345 1866 Lup.
1384 1811 1513 1866 pag.
1555 1790 1714 1844 116.”
1752 1787 1920 1844 Sum-

324 1902 447 1943 tum
480 1886 849 1942 ambitioniS.''
887 1884 999 1938 Ubi
1034 1897 1219 1937 nostro
1254 1880 1373 1935 loeo
1410 1899 1538 1934 usus
1574 1892 1654 1932 est
1689 1877 1919 1933 Ruhnk.

328 1974 497 2033 Conf.
535 1975 687 2031 Xen.
727 1971 912 2050 Symp.
951 1971 1047 2026 IV.
1085 1969 1231 2042 §35·.
1270 1973 1410 2038 ὃμὲν
1435 1973 1600 2026 αὐτῶν
1619 1966 1923 2037 τὀἒρκοῦντοε

325 2065 436 2136 ἔχει
471 2066 557 2123 καὶ
594 2065 952 2136 περισσεύοντα
985 2065 1058 2120 ’τὶ
1091 2068 1182 2125 τῆς
1219 2061 1449 2126 δαπάνης
1464 2096 1483 2127 ,
1519 2061 1544 2115 ὅ
1578 2059 1631 2115 δὲ
1666 2063 1754 2115 τοῦ
1790 2080 1923 2116 πων-ε

326 2155 414 2219 ’τὸς
448 2155 690 2210 ἐπιδεῖται.

369 2259 373 2262 ·
411 2238 522 2296 Oui
556 2239 714 2296 deest
739 2268 779 2280 -
800 2250 1036 2314 superat
1057 2268 1096 2278 -
1119 2247 1246 2312 eget
1269 2268 1307 2276 -
1332 2233 1663 2306 abundatP]
1702 2232 1921 2306 Fragm.

326 2349 432 2406 pro
464 2325 667 2384 Scauro
703 2347 827 2403 pag.
866 2326 1021 2382 1058.
1062 2325 1198 2381 Ern.
1236 2323 1475 2379 »Domus
1502 2323 1600 2376 tibi
1637 2323 1926 2378 deerat?

326 2432 388 2474 at
419 2417 678 2472 habebaS.
736 2416 973 2470 Pecunia
1021 2411 1444 2489 superabat?
1500 2427 1557 2465 at
1612 2410 1926 2482 egebaS.''

330 2505 499 2562 Conf-
522 2496 525 2498 v
547 2505 617 2560 de
660 2503 799 2560 Orat
843 2504 918 2559 Π.
963 2522 1049 2576 19.
1103 2502 1323 2556 Orator.
1361 2501 1450 2572 67.
1489 2499 1656 2554 Goer.
1695 2499 1764 2553 ad
1798 2497 1924 2553 Fin.

331 2594 408 2650 11.
451 2592 538 2649 28.
573 2594 642 2648 de
675 2594 853 2649 Amic.
898 2614 950 2667 7.
990 2591 1252 2646 Nostrum
1286 2589 1468 2645 locum
1515 2609 1627 2644 non
1679 2602 1928 2664 praeter-

332 2684 484 2742 misit
518 2682 768 2738 Ciaccon.
819 2681 890 2736 ad
924 2679 1051 2735 Sall.
1090 2680 1152 2734 B.
1193 2677 1259 2732 C.
1299 2695 1389 2733 21.

403 2771 479 2826 In
511 2771 680 2845 hujus
726 2769 942 2825 saeculi
991 2788 1172 2823 errore
1223 2770 1451 2840 versem]
1500 2768 1608 2825 Pro
1654 2767 1819 2823 Balbo
1866 2767 1922 2822 6.
2017 2837 2025 2842 ,

334 2857 472 2914 »Est
500 2859 647 2914 enim
676 2858 809 2913 haec
856 2857 1021 2912 seculi
1068 2855 1272 2911 labes.''
1323 2855 1433 2910 Ubi
1480 2857 1682 2911 malim.
1745 2854 1963 2910 »Haec'

334 2946 548 3018 hujus
597 2946 761 3002 seculi
805 2945 1010 3001 labes.'’
1073 2943 1350 3016 Quoniam
1396 2965 1556 3018 pron.
1607 2946 1774 3016 hujus·
1796 2984 1813 3014 ,
1863 2958 1927 2999 ut

334 3034 682 3089 inserendum
716 3049 841 3088 ante
874 3033 1064 3103 labes,
1103 3033 1302 3087 offendi
1328 3034 1654 3108 adscriptum
1674 3037 1730 3088 in
1752 3056 1923 3105 marg.

336 3120 475 3177 Cod.
514 3122 667 3177 Voss.
706 3123 765 3176 in
793 3121 932 3177 Bibl.
971 3122 1036 3175 L.
1075 3122 1137 3175 B.
1177 3121 1274 3174 fol.
1308 3119 1404 3175 ΝΟ.
1437 3122 1560 3177 502.
1599 3123 1749 3176 Idem
1769 3123 1926 3178 addi-

335 3223 461 3279 tur,
497 3210 605 3266 Pro
627 3210 831 3265 Coelio.
869 3228 962 3268 20.
998 3210 1120 3263 »Ab
1156 3210 1363 3280 hujus
1399 3211 1616 3265 seculi
1653 3211 1925 3265 licentia.'’

337 3293 480 3357 Phil.
495 3298 588 3361 1V.
601 3298 656 3355 6.
672 3298 760 3354 »H
773 3319 812 3355 u
824 3302 840 3372 j
857 3320 895 3357 u
906 3320 930 3355 s
950 3319 1014 3378 se
1028 3319 1057 3355 c
1071 3296 1172 3355 uli
1199 3298 1538 3355 insolentiam
1552 3298 1926 3375 vituperabat''

1814 3389 1927 3443 Ca·-
