2392 4062
846 271 1371 336 PARADOXA.
1860 299 1943 361 19

345 437 431 486 tes
481 444 754 509 maguam
821 439 1115 507 quaerunt
1177 422 1510 505 pecuniam.
1621 421 1932 506 Quantum

280 535 284 542 ¹
343 506 503 566 enim
547 507 759 586 cuique
801 528 837 565 o
884 526 952 565 us
995 521 1118 580 est,
1182 504 1258 565 ad
1310 501 1374 564 id
1414 506 1933 585 accommodatur,

342 602 411 646 ut
450 602 585 646 ante
629 585 786 657 dixi,
836 529 1183 647 Hivitiarum
1228 585 1465 645 modus.
1561 583 1683 668 Qui
1745 587 1932 670 igitur

341 687 464 728 non
509 667 659 728 filias
717 666 954 749 plureS,
1022 666 1129 725 sed
1170 664 1642 726 innumerabiles
1686 669 1933 752 cupidi-

339 761 488 809 tates
527 749 744 823 habet,
782 769 932 832 quae
973 745 1163 807 brevi·
1185 761 1451 829 tempore
1498 747 1780 811 maximas
1825 772 1932 813 co-

336 829 466 913 pias
504 829 811 891 exhaurire
856 826 1117 912 possint3
1158 825 1319 887 hunc
1347 828 1651 909 quomodo
1679 851 1789 914 ego
1818 854 1939 914 ap-.-

337 911 579 994 pellabo
621 910 904 986 divitem,
943 931 1082 971 cum
1122 908 1143 968 i
1187 928 1248 967 se
1296 911 1475 968 etiam
1506 931 1674 990 egere
1703 932 1764 971 se
1791 933 1937 975 sen-

337 993 484 1054 tiat?
562 992 757 1055 Multi
813 1013 885 1052 ex
939 1007 998 1050 te
1058 1011 1133 1048 au
1179 989 1413 1064 ierunt,
1467 1010 1607 1051 cum
1668 991 1932 1065 diceres,

337 1073 636 1134 neminem
676 1094 798 1136 esse
837 1071 1115 1147 divitem,
1152 1071 1267 1134 nisi
1290 1071 1395 1154 qui
1421 1071 1744 1132 exercitum
1769 1074 1932 1136 alere

333 1170 537 1239 posset
575 1156 697 1216 suis
738 1153 1059 1214 fructibus:
1102 1152 1267 1235 quod
1311 1151 1572 1246 populus
1610 1152 1931 1218 Romanus

283 1249 288 1256 '
335 1234 518 1297 tantis
559 1233 948 1316 vectigalibus
977 1233 1329 1316 jampridem
1354 1254 1453 1293 vix
1487 1248 1706 1316 potest.
1761 1233 1927 1317 Ergo

332 1317 450 1379 hoc
487 1318 833 1400 proposito,
861 1335 1170 1396 nunquam
1196 1313 1310 1376 eri's
1342 1312 1512 1376 dives
1542 1329 1714 1392 ante,
1745 1339 1927 1400 quam

333 1397 446 1460 tibi
481 1418 554 1460 ex
597 1403 716 1460 tuis
771 1396 1238 1481 possessionibus
1301 1412 1537 1457 tant-um
1589 1396 1925 1474 reficiatur,

331 1497 402 1542 ut
444 1501 519 1542 eo
558 1479 714 1542 tueri
740 1499 856 1540 vsex
900 1477 1199 1560 legioneS,
1259 1493 1321 1539 et
1352 1497 1592 1559 *magna
1652 1480 1925 1573 equitum

330 1582 402 1623 ae
438 1559 710 1644 peditum
747 1558 968 1621 auxilia
1009 1561 1219 1644 possis.
1301 1562 1432 1620 Iam
1469 1557 1673 1621 fateris
1703 1561 1927 1646 1gitur,

328 1663 457 1704 non
486 1658 711 1711 essese
753 1640 1036 1718 divitem,
1081 1642 1179 1703 cui
1214 1651 1450 1703 tantum
1489 1640 1679 1716 desit,
1720 1659 1789 1704 ut
1816 1666 1923 1705 ex-

237 1725 246 1754 ³
327 1724 493 1808 pleas
538 1724 633 1801 id,
676 1721 845 1806 'quod
879 1740 1139 1806 exoptas·
1221 1723 1438 1807 Itaque
1469 1723 1643 1784 istam
1677 1745 1931 1808 pauper-

328 1821 547 1883 tatem,
603 1805 709 1868 vel
756 1805 957 1890 potius
999 1819 1319 1887 egestatem
1363 1825 1433 1865 ac
1474 1802 1918 1869 mendicitatem

328 1902 493 1948 tuam
529 1893 838 1971 nunquam
878 1887 1126 1948 obscure
1171 1886 1384 1948 tulisti.

405 1968 498 2029 II.
542 1969 703 2032 Nam
747 1985 818 2029 ut
840 1966 956 2042 iis,
1007 1967 1112 2051 qui
1163 1968 1409 2030 honeste
1452 1989 1578 2028 rem
1621 1986 1918 2051 quaerunt

323 2049 668 2111 mercaturis
719 2048 1037 2124 faciendis,
1098 2049 1298 2130 operis
1354 2047 1600 2124 dandis,
1655 2049 1917 2130 publicis
1960 2093 1965 2098 ,

320 2130 620 2191 sumendis
638 2175 655 2206 ,
681 2129 1073 2211 intelligimus
1100 2151 1250 2211 opus
1279 2151 1402 2191 esse
1464 2132 1766 2212 quaesito:
1797 2131 1919 2210 sic,

320 2212 426 2294 qui
471 2210 638 2274 videt
687 2210 854 2271 domi
899 2227 1033 2270 tuae
1076 2211 1302 2291 pariter
1351 2225 1793 2287 accusatorum,
1822 2230 1921 2275 at-

318 2314 435 2376 que
476 2291 747 2375 judicum
782 2292 1149 2352 consociatos
1191 2311 1429 2371 gregesj,
1487 2291 1592 2373 qui
1634 2310 1917 2355 nocentes

317 2390 380 2436 et
425 2373 778 2458 pecuniosos
813 2391 985 2446 reos,
1028 2372 1237 2432 eodem
1264 2386 1321 2430 te
1353 2387 1633 2447 auctore,
1676 2394 1930 2457 corrup·.

313 2455 497 2516 telam
540 2453 747 2540 judicii
800 2451 1148 2527 molientes,
1214 2451 1319 2534 qui
1383 2467 1515 2513 tuas
1569 2453 1915 2517 mercedum

310 2537 615 2619 pactiones
644 2535 707 2594 in
737 2534 1114 2616 patrociniiS,
1141 2533 1588 2595 intercessiones
1614 2537 1911 2617 pecunia-

309 2641 447 2678 rum
491 2617 555 2677 in
594 2613 953 2678 coitionibus
997 2612 1486 2692 candidatorum,
1532 2615 1906 2679 dimissiones

308 2697 663 2759 libertorum
708 2695 785 2755 ad
810 2694 1198 2756 foenerandas
1232 2695 1715 2782 diripiendasque
1755 2722 1906 2783 pro-

306 2780 531 2842 vincias
547 2803 570 2853 3
611 2778 715 2862 qui
745 2777 1121 2859 expulsiones
1148 2777 1518 2856 vicinorum,
1551 2781 1656 2865 qui
1699 2780 1901 2844 latro-

307 2861 463 2923 cinia
498 2860 564 2921 in
603 2859 791 2941 agris,
849 2860 954 2942 qui
999 2880 1138 2920 cum
1173 2862 1390 2933 servis,
1451 2883 1588 2922 cum
1631 2863 1897 2938 libertis,

305 2962 443 3004 cum
479 2942 796 3004 clientibus
835 2941 1170 3010 societatem
1228 2943 1332 3026 qui
1364 2944 1758 3024 possessiones
1787 2967 1899 3006 va-

303 3043 477 3097 cuas,
519 3024 623 3108 qui
657 3023 1116 3106 proscriptiones
1146 3023 1574 3108 locupletium,
1626 3026 1730 3109 qui
1756 3046 1896 3087 cae-

302 3105 406 3165 des
447 3105 941 3187 municipiorum,
1009 3105 1115 3190 qui
1168 3105 1336 3167 illam
1377 3106 1609 3169 Sullani
1656 3123 1898 3190 tempo-
1948 3134 1952 3138 ·

299 3186 382 3246 ris
415 3208 664 3248 messem
692 3186 1084 3261 recordetur,
1133 3189 1235 3270 qui
1265 3205 1616 3252 testamenta
1642 3189 1898 3268 subjec-.
1956 3254 1961 3259 ⁵

300 3282 397 3342 ta,
459 3267 563 3352 qui
624 3267 886 3330 sublatos
943 3284 1034 3328 tot
1097 3268 1398 3342 homine53
1465 3272 1568 3355 qui
1628 3270 1888 3355 denique
1931 3348 1936 3353 ἱ

298 3349 501 3416 omnia
527 3350 793 3426 venalia,
845 3349 1181 3489 delecssun,
1219 3351 1559 3431 decretum,
1597 3354 1886 3428 alienam,

1104 3451 1143 3492 2
1720 3458 1886 3496 suam
