2392 4062
543 291 616 351 64
912 292 1612 358 ANIMADVERSIONES
1651 303 1731 359 IN

557 450 671 488 esse
700 431 761 488 in
805 447 861 488 te
898 435 1215 508 sapientiam
1255 437 1599 513 existimant,
1641 442 1706 498 ut
1740 426 1918 502 omnia
1956 462 2047 503 tua
2080 449 2140 502 in

478 512 483 516 ’
560 536 614 577 te
642 524 814 596 posita
861 522 1085 577 ducas.'’
1119 524 1193 579 ab
1226 525 1348 600 ipao
1377 527 1523 583 scilt.
1566 550 1598 583 a
1630 533 1898 605 sapiente.
1933 534 2016 590 De
2037 554 2143 591 usu

558 609 723 681 hujus
771 629 933 683 pron.
971 625 1035 665 ut
1081 631 1255 684 graec.
1293 619 1446 681 aba-615
1482 616 1594 672 vid.
1631 617 1801 676 Goer.
1829 623 1900 678 ad
1928 623 2054 678 Fin.
2090 622 2141 678 Ι.

565 716 654 771 19.
699 699 938 781 »optime
983 719 1112 755 vero
1151 699 1454 777 Epicurus,
1514 706 1665 781 quod
1710 710 1959 781 exiguam
2010 713 2144 767 dicit

559 783 849 842 fortunam
876 787 1204 848 intervenire
1243 792 1503 865 sapienti,
1551 796 1918 872 maximasque
1963 799 2034 855 ab
2077 819 2144 855 eo

559 886 617 927 et
652 875 984 945 gravissimas
1032 896 1118 931 res
1151 879 1375 934 consilio
1421 881 1489 957 ip
1503 883 1647 936 sius
1697 899 1753 938 et
1801 888 2009 942 ratione
2041 888 2145 943 ad·-

560 964 915 1020 ministrari.’'
950 965 1116 1025 Conf.
1163 967 1234 1024 de
1267 988 1430 1043 pron.
1483 974 1638 1036 αὐτός
1685 971 1864 1048 Wytt.
1897 971 2007 1032 Sel.
2046 975 2144 1033 Pr.

561 1052 705 1108 Hist.
737 1052 866 1110 455.
1727 1124 1733 1128 ,

639 1142 750 1200 Cui
799 1143 1030 1217 quidem
1074 1145 1251 1200 etiam
1275 1175 1315 1187 -
1340 1146 1642 1220 maribam]
1685 1147 1794 1204 Pro
1828 1149 1959 1221 Leg.
1994 1132 2148 1208 Mau.

564 1231 655 1287 16.
693 1251 844 1287 »non
887 1246 953 1287 ut
997 1233 1069 1287 in
1119 1230 1321 1288 illius
1375 1249 1732 1309 potestate
1781 1235 2151 1293 fortunam

561 1317 794 1396 positam
828 1340 941 1375 esse
975 1320 1209 1376 dicamss'
1254 1319 1398 1375 Hinc
1430 1341 1526 1377 sua
1567 1321 1709 1377 forte
1743 1321 1882 1378 Vell.
1917 1323 2039 1379 Pat.
2070 1322 2148 1378 11.

564 1408 657 1466 35.
691 1408 864 1466 »Cato
899 1428 1110 1482 semper
1144 1409 1503 1465 fortunam
1536 1410 1608 1466 in
1643 1431 1760 1466 sua
1794 1426 2154 1485 potestate

563 1486 816 1553 habuit.”
851 1516 953 1572 pro
984 1496 1155 1552 Balbo
1188 1498 1244 1552 4.
1280 1497 1382 1552 »In
1416 1498 1677 1573 Pompeio
1709 1500 1785 1554 ita
1820 1518 2028 1555 summa
2048 1500 2153 1556 for-

565 1601 700 1640 tuna
713 1624 732 1656 ,
789 1605 918 1643 eum
968 1604 1176 1640 summa
1233 1586 1434 1659 virtute
1484 1588 1743 1657 cei-tavit,
1798 1601 1861 1642 ut
1906 1589 2149 1656 omnium

564 1674 768 1749 judicio
804 1673 927 1748 plus
961 1675 1228 1728 homini
1242 1712 1262 1744 ‚
1321 1663 1490 1748 quam
1533 1673 1671 1728 Dea
1685 1694 1716 1728 e
1761 1661 2152 1731 tribueretur?

568 1764 732 1819 Conf.
767 1783 869 1837 pro
903 1761 1096 1816 Milon.
1138 1777 1227 1833 29.
1264 1760 1373 1815 Pro
1403 1759 1625 1814 Marcel.
1665 1777 1716 1814 2.
1765 1758 1956 1833 »Quin
1991 1756 2154 1816 etiam

565 1852 658 1908 illa
703 1852 818 1926 ipsa
871 1870 1054 1910 rerum
1100 1849 1465 1905 humanarum
1511 1849 1548 1904 d
1567 1851 1836 1919 omina,
1898 1845 2156 1917 Fortu-⁴

569 1941 716 1996 na.'’
753 1938 974 1994 Praeter
1021 1936 1277 1992 Plautum
1309 1938 1369 1992 in
1403 1937 1564 1995 Trin.
1601 1936 1676 1992 11.
1726 1954 1781 1992 2.
1820 1934 1891 1991 84
1925 1952 1981 1992 et
2004 1934 2156 2012 Nep.

566 2032 669 2087 Att
709 2047 795 2086 ιι.
831 2026 1048 2100 Quibus
1082 2046 1209 2093 eum
1242 2040 1430 2082 nostro
1469 2026 1590 2083 loeo
1633 2047 1763 2082 usus
1797 2041 1878 2082 est
1915 2047 2159 2083 summus

570 2118 752 2194 Wytt.
787 2116 872 2171 Bl.
909 2115 1049 2170 crit.
1086 2114 1196 2170 vol.
1230 2114 1332 2170 III.
1366 2135 1490 2189 pag.
1532 2132 1618 2189 19.
1654 2115 1790 2170 Vide
1825 2114 1951 2171 Sall.
1987 2117 2050 2172 Β.
2088 2115 2154 2171 C.

571 2223 627 2261 2.
665 2204 1014 2260 »Fortuna
1064 2202 1224 2256 simul
1258 2222 1383 2257 cum
1431 2205 1736 2258 moribus
1780 2205 2156 2260 immutatur.'’

570 2296 707 2352 ibid.
744 2294 836 2350 55.
870 2293 967 2347 uhi
990 2290 1219 2347 Catilina
1249 2291 1454 2346 scribit:
1492 2289 1598 2346 »Se
1621 2318 1659 2332 -
1683 2289 2016 2346 fortunae
2050 2310 2157 2346 ee-

570 2382 798 2440 dere.’'
1028 2434 1033 2438 ,
2142 2393 2144 2395 ’

654 2468 823 2541 Quod
869 2470 977 2524 etsi
1029 2470 1115 2524 ita
1161 2487 1280 2522 esse
1315 2466 1587 2540 pluribus
1613 2482 1653 2508 ’-
1677 2478 1734 2523 et
1771 2467 1990 2542 breve]
2049 2469 2162 2524 Pro

571 2558 733 2612 Rosc.
769 2556 895 2611 Am.
929 2556 1019 2610 42.
1056 2555 1172 2610 »De
1207 2553 1406 2630 quibus
1441 2557 1486 2611 si
1504 2576 1730 2631 coepero
1763 2557 1939 2613 dicere
1954 2597 1973 2629 ,
2006 2557 2161 2634 plu-

574 2648 769 2703 ribus
808 2646 1043 2701 verbis
1079 2646 1169 2698 sit
1204 2645 1755 2701 disserendum.'’
1799 2648 2012 2702 Tamen
2045 2649 2085 2706 i,
2107 2667 2157 2703 e.

573 2736 802 2794 Saltem.
837 2733 980 2788 Phil.
1003 2733 1051 2788 Ι.
1077 2732 1133 2789 4.
1173 2732 1336 2788 »Ut—
1362 2733 1526 2804 hujus
1563 2749 1789 2790 tamen
1823 2735 1930 2788 diei
1953 2755 2159 2805 vocem,

578 2837 768 2878 testem
785 2821 984 2896 reiplae
1019 2821 1420 2895 relinquerem'’
1457 2821 1544 2876 Ex
1579 2822 1790 2895 emend.
1813 2823 2045 2892 Mureti,
2071 2824 2162 2878 cui

484 2895 491 2902 ’
576 2911 866 2967 assentitur
914 2906 1242 2964 Garatonius
1257 2950 1276 2981 ,
1327 2930 1490 2985 quem
1541 2910 1662 2964 vide
1698 2911 1766 2964 ad
1802 2930 1929 2967 eum
1959 2910 2159 2965 locum.

576 3002 766 3056 Breve
799 3012 945 3054 recte
979 2999 1322 3066 retinuerunt
1353 2998 1600 3054 Editores
1616 3037 1634 3067 ‚
1685 3017 1864 3072 neque
1908 3018 2044 3071 opus
2081 3013 2161 3052 est

575 3089 751 3160 legere
786 3087 963 3143 brevi.
999 3107 1100 3163 pro
1134 3086 1318 3141 Sextio
1353 3089 1408 3142 5.
1449 3087 1725 3157 »Longum
1760 3101 1840 3140 est
1862 3106 1922 3139 ea
1943 3085 2156 3153 dicere,

578 3177 671 3231 sed
705 3176 810 3229 hoe
844 3176 1055 3231 breve
1089 3175 1324 3231 dicam.”

650 3265 788 3317 Non
822 3266 973 3320 enim
1002 3266 1086 3320 ita
1119 3265 1318 3319 dicunt
1340 3266 1587 3335 -nexu.]
1636 3265 1674 3317 i.
1714 3283 1764 3316 e.
1801 3251 1927 3315 Non
1961 3263 2035 3314 ita
2069 3255 2162 3313 in-'

584 3349 749 3421 telligi
784 3352 991 3407 volunt.
1029 3353 1097 3406 de
1133 3351 1256 3406 Fin.
1295 3350 1394 3406 III.
1435 3369 1521 3407 20.
1563 3351 1780 3407 »Jovem
1817 3369 1985 3422 quum
2011 3379 2050 3387 -
2071 3347 2161 3399 di-

1993 3453 2161 3488 mmuh·
