2436 4062
561 235 603 297 6
880 237 977 298 Μ.
1020 236 1318 298 TULLII
1361 233 1821 300 CICERONIS

558 399 728 467 putes
772 384 1090 445 interesse?
1130 420 1136 426 x
1175 380 1515 465 Quidquam
1543 386 1767 444 bonum
1811 401 1928 459 est,
1972 382 2134 467 quod

561 485 682 523 non
737 486 911 537 eum,
966 464 1067 544 qui
1121 463 1184 522 id
1241 463 1531 545 possidet,
1597 464 1902 524 meliorem
1959 464 2134 524 facit?

565 544 653 604 Ut
693 545 848 605 enim
888 546 1134 625 quisque
1176 559 1262 602 est
1318 543 1564 605 maxime
1612 545 1756 604 boni
1807 544 2134 626 particepS,

559 624 646 684 ita
686 641 745 684 et
784 618 1096 684 laudabilis
1138 624 1412 684 maxime:
1456 646 1645 705 neque
1692 642 1779 686 est
1808 625 2139 700 ullumbo-

557 727 733 776 num,
787 703 859 761 de
913 717 1033 785 quo
1066 724 1186 763 non
1234 704 1315 779 is,
1359 704 1462 787 qui
1498 704 1563 764 id
1601 705 1852 780 habeat,
1897 705 2138 766 honeste

557 783 743 865 possit
782 783 1044 865 gloriari.
1117 782 1281 866 Quid
1308 783 1507 846 autem
1547 799 1633 844 est
1672 785 1885 844 horum
1926 786 1988 845 in
2019 805 2139 846 vo-

557 866 828 944 luptate?
858 864 1260 925 Melioremne
1292 866 1497 939 efficit,
1549 881 1651 924 aut
1691 864 2153 925 laudabiliorem

498 999 501 1002 .
557 943 791 1006 virum?
831 966 908 1004 an
949 945 1258 1027 quisquam
1299 944 1370 1006 in‘
1391 945 1696 1028 potiundis
1737 945 2141 1028 voluptatibus

557 1024 866 1106 gloriando
907 1047 1029 1096 sese
1071 1042 1130 1085 et
1171 1026 1609 1108 praedieatione
1654 1024 1864 1100 effertss
1945 1027 2034 1086 At
2118 1025 2140 1084 i

559 1108 609 1166 si
649 1104 922 1186 voluptas
941 1150 958 1179 ,
998 1128 1147 1189 quae
1188 1108 1583 1188 plurimorum
1646 1105 2010 1188 patrociniis
2071 1126 2143 1165 e·-

556 1184 853 1259 fenditur‚
925 1185 988 1245 in
1060 1186 1233 1248 rebus
1290 1187 1462 1247 bonis
1516 1185 1791 1246 habenda
1848 1207 1969 1245 non
2023 1201 2146 1257 θεῖς

563 1290 630 1327 ea
675 1288 781 1338 ue,
825 1287 944 1348 quo
986 1267 1330 1347 est-major,
1364 1288 1435 1328 eo
1464 1266 1647 1351 magis
1680 1282 1936 1327 mentem
1979 1289 2010 1326 e
2041 1287 2148 1328 sua

561 1289 697 1407 sedle
752 1363 813 1406 et
866 1361 1024 1407 statu
1083 1355 1099 1380 ¹
1166 1348 1459 1423 dimovet,
1519 1347 1789 1430 profecto
1846 1346 1997 1407 nihil
2060 1363 2148 1407 est

564 1427 729 1487 aliud
787 1428 939 1486 bene
996 1445 1054 1488 et
1106 1430 1276 1490 beate
1330 1429 1559 1508 vivere,
1614 1425 1727 1488 nisi
1785 1428 2029 1491 honeste
2089 1443 2149 1490 et

564 1524 728 1571 recte
767 1506 989 1575 vivere.
1487 1536 1493 1540 ’

1066 1656 1530 1714 PARADOXON
1582 1658 1652 1712 ΙΙ.

736 1792 862 1857 ’Ότι
901 1792 1224 1868 aaa-Apum&
1262 1794 1413 1861 ἁρετὴ
1450 1795 1567 1861 πρὸς
1607 1793 1940 1857 εὐδαιμονίαν.

677 1921 742 1975 In
780 1905 1095 1994 quo'virtus
1143 1925 1211 1975 sit
1234 1962 1251 1991 ,
1301 1925 1347 1975 ei
1398 1921 1533 1974 nihil
1573 1922 1751 1975 deesse
1788 1920 1855 1974 ad
1893 1921 2050 1972 beate

1218 2009 1528 2063 vivendum.

648 2139 702 2201 I.
731 2142 860 2202 Nee
889 2162 1030 2203 vero
1064 2164 1171 2222 ego
1208 2141 1302 2202 M.
1332 2142 1668 2223 Regulum,
1711 2131 2156 2210 aerumnosum,

566 2243 677 2283 nec
717 2222 1050 2293 infelicem,
1093 2244 1203 2282 nec
1244 2222 1560 2296 miserum,
1614 2243 1873 2301 unquam
1930 2216 2155 2310 putavi.

567 2303 711 2363 Non
752 2306 911 2362 enim
953 2302 1301 2380 magnitudo
1341 2302 1523 2361 animi
1559 2305 1682 2381 ejus
1720 2299 2158 2362 excruclabatur

569 2405 606 2442 a
645 2382 896 2454 Poenis,
957 2404 1079 2442 non
1118 2385 1404 2466 gravitas,
1448 2404 1569 2442 non
1610 2382 1788 2456 fides,
1842 2402 1965 2441 non
1994 2399 2160 2439 ¹con-

569 2462 823 2536 stantia,
863 2482 985 2522 non
1026 2460 1152 2523 ulla
1191 2464 1377 2524 virtus
1401 2508 1418 2538 ,
1465 2485 1586 2529 non
1637 2462 1892 2545 denique
1934 2460 2161 2526 animus

566 2544 721 2624 ipse:
766 2543 868 2625 qui
914 2548 938 2572 2
985 2559 1078 2603 tot
1131 2543 1422 2605 virtutum
1493 2542 1822 2626 praesidio,
1880 2557 2163 2631 tantoque

571 2624 889 2696 comitatu,
969 2645 1107 2685 cum
1175 2645 1387 2707 corpus
1446 2627 1571 2706 ejus
1629 2639 1973 2704 caperetur,
2032 2640 2164 2699 oapi

570 2721 728 2764 certe
769 2704 894 2784 ipse
935 2726 1059 2763 non
1089 2707 1317 2785 potuit.
1401 2704 1471 2766 C.
1513 2725 1655 2766 vero
1698 2703 1966 2767 Marium
2007 2699 2165 2762 vidi-

571 2805 740 2857 ωιιε,
798 2784 911 2866 qui¹
959 2784 1104 2844 mihi
1161 2785 1430 2848 secundis
1475 2790 1495 2820 ³
1542 2785 1606 2845 in
1659 2786 1831 2844 rebus
1885 2802 2037 2843 unus
2092 2800 2165 2841 ex

571 2864 885 2924 fortunatis
914 2864 1258 2926 hominibus
1279 2892 1299 2941 3
1338 2867 1402 2926 in
1431 2864 1688 2930 adversis
1721 2886 1873 2925 unus
1907 2883 1975 2923 ex
2003 2884 2169 2922 sum-

573 2944 684 3005 mis
724 2945 864 3006 viris
905 2944 1224 3006 videbatur
1244 2973 1266 3020 5
1322 2968 1442 3037 quo
1495 2946 1725 3006 beati-us
1767 2966 1902 3004 esse·
1930 2943 2166 3002 mortali

574 3025 726 3089 nihil
767 3042 983 3114 potest.
1067 3026 1310 3104 NesciS,
1367 3030 1571 3091 insane
1594 3071 1612 3102 ,
1657 3026 1877 3101 nescis,
1920 3039 2168 3116 quantas

2014 3124 2167 3167 vires

630 3257 646 3279 1
675 3247 759 3280 cod.
792 3258 848 3283 ιο.
872 3223 922 3288 84
942 3251 1008 3285 Ed.
1038 3250 1170 3283 Ptine:
1205 3249 1377 3283 dimovet.

632 3304 652 3324 «ι
675 3295 762 3374 53:11
791 3303 928 3351 itu-tot
959 3299 1130 3331 virtutum
1158 3297 1333 3341 praesidio
1357 3294 1485 3332 fultus.

625 3340 647 3374 3
780 3352 830 3374 10-
856 3356 895 3377 ιιι
921 3356 998 3377 sec:
1032 3367 1085 3375 --
1108 3346 1147 3382 in
1180 3345 1260 3379 adv.
1296 3345 1340 3387 84
1375 3347 1545 3382 Secundis
1569 3344 1805 3383 -adversim
1833 3342 1902 3380 Ed·
1929 3344 1999 3379 Pr:
2030 3340 2167 3375 &cuu-

707 3389 762 3424 du
798 3407 849 3419 —-
876 3391 918 3426 in
945 3394 1112 3430 advorsis.
