2392 4062
641 263 1032 321 cicEnoms
1069 226 1496 320 PAmboxA.
1626 220 1630 224 ¹
1804 267 1870 320 δι

355 407 432 463 'In
465 416 754 480 acceptum
787 417 854 462 ut
881 406 1127 479 referas,
1152 401 1303 460 nihil
1317 401 1594 477 postulo-J
1666 400 1873 458 Omnes

283 495 398 551 fere
432 489 607 550 codd.
643 495 704 549 in
735 494 946 569 referas
976 491 1338 548 consentiunt.
1395 489 1636 564 Quidam
1667 491 1874 548 habent

283 595 563 659 apertum.
655 583 815 637 Unde
837 581 1054 636 Schutz.
1093 582 1152 634 in
1173 595 1386 634 textum
1422 580 1624 653 recepit
1647 581 1708 635 in
1722 600 1874 654 aper-

280 686 404 734 tum
423 671 778 747 utprosercw.
825 669 1001 725 Bentl.
1034 670 1282 739 conjicit,
1300 671 1362 725 in
1384 671 1659 744 apricum.
1697 670 1875 726 Nihil

197 767 202 772 “
279 764 321 818 i.
347 782 399 818 e.
438 756 592 817 nullo
631 759 814 815 mode.
848 759 917 814 de
950 758 1082 829 Leg.
1118 757 1253 829 Agr.
1294 758 1369 814 ΙΙ.
1406 757 1494 837 25.
1544 757 1685 813 »Cn.
1719 757 1874 814 Pom·

279 847 437 928 pejns
456 849 720 906 beneficio
741 850 847 903 isto
866 879 909 890 -
930 845 1116 902 nihil
1150 847 1388 900 utitur.'’
1410 845 1611 919 Nepos.
1632 838 1751 903 Att.
1777 865 1867 904 21.

278 938 513 997 »Nihil
548 957 761 994 necesse
795 951 877 992 est
908 935 1156 1011 pluribus
1189 935 1366 990 verbis
1389 934 1873 994 commemorare.”

276 1029 410 1085 Rut.
446 1029 591 1103 Lup.
627 1018 677 1082 1'.
713 1046 838 1102 pag.
877 1026 966 1080 51.
1005 1023 1304 1099 »Strepitus
1329 1025 1425 1100 qui
1460 1024 1645 1080 nihil
1680 1045 1870 1083 eorum

277 1133 486 1174 mentes
521 1117 591 1172 ad
625 1116 885 1173 virtutem
909 1114 1209 1185 erigebat.”
1243 1113 1379 1187 ihiq.
1399 1113 1625 1169 Ruhnk.
1665 1115 1870 1171 Contra
1906 1189 1911 1192 ᾖ

278 1207 508 1282 aliquid
539 1202 921 1260 adverbialiter
954 1203 1179 1276 ponitur
1212 1221 1315 1275 pro
1335 1200 1529 1275 'aliqua
1562 1203 1621 1256 in
1653 1223 1744 1274 re,
1783 1203 1870 1259 ali-

277 1304 391 1371 q'uo
423 1294 607 1349 modo.
643 1292 754 1347 Pro
787 1292 937 1362 Rege
970 1286 1095 1360 Dej.
1138 1289 1223 1344 15.
1262 1288 1534 1367 »νει-εστ,
1571 1310 1642 1345 ne
1678 1291 1778 1347 tibi
1814 1291 1870 1348 il-

273 1382 392 1439 lum
412 1373 733 1439 ‘eumensere
766 1379 1042 1454 aliquid
1078 1377 1408 1452 suspicere.”
1452 1377 1563 1434 Pro
1596 1378 1772 1436 Domo
1808 1379 1863 1436 8.

208 1453 209 1457 Ἰ
274 1468 420 1527 »Sed
453 1490 582 1527 cum
615 1466 720 1526 illis
756 1484 938 1524 tamen
958 1487 1179 1543 possum
1213 1487 1244 1520 a
1263 1464 1495 1540 liquid
1529 1467 1870 1543 disputare.''

341 1561 616 1616 Mne-wa
642 1558 939 1631 Phidiam]
986 1555 1069 1611 De
1104 1555 1263 1611 Orat.
1300 1554 1376 1611 Π.
1418 1573 1505 1630 17.
1545 1575 1614 1612 ex
1647 1555 1865 1614 emend.

271 1646 452 1724 wytt.
488 1646 611 1703 Bib.
650 1646 788 1702 Crit.
808 1644 857 1702 1.
887 1666 946 1720 p.
991 1665 1042 1700 1.
1079 1658 1206 1719 pag.
1248 1661 1336 1701 20.
1376 1657 1542 1720 quam
1572 1646 1632 1701 in
1655 1662 1866 1702 contex-

272 1749 392 1791 tum
425 1737 631 1809 recepit
682 1734 985 1789 SehutziuS.
1023 1735 1127 1789 »In
1160 1733 1246 1789 his
1282 1734 1535 1808 operibus
1571 1737 1616 1790 si
1653 1737 1775 1810 quis
1809 1736 1869 1792 il-‘

269 1822 382 1879 lam
414 1838 590 1878 artem
623 1822 1126 1898 comprehenderit,
1179 1837 1278 1894 ut,
1316 1838 1578 1899 tanquam
1611 1824 1863 1897 Phidias,

269 1912 550 1967 Minervae
584 1912 798 1984 signum
832 1911 1043 1967 efficere
1077 1913 1276 1985 possit3
1334 1933 1446 1968 non
1483 1933 1642 1985 sane,
1681 1934 1861 1989 quem-

247 1999 595 2071 admodum,
645 2014 711 2055 ut
742 2001 803 2055 in
838 1998 1026 2075 clypeo
1060 1997 1207 2055 idem
1239 2000 1330 2055 ille
1366 2003 1593 2073 artifex,
1650 2005 1861 2058 minora

269 2087 361 2145 illa
397 2108 559 2165 opera
595 2089 774 2146 facere
808 2088 1008 2160 diseat,
1046 2087 1376 2148 laborabit.”

953 2241 1181 2298 *naqa-1-

789 2365 1254 2431 PARADO'XON
1291 2375 1338 2431 1.

334 2529 383 2588 L
420 2529 520 2585 Ex
545 2549 665 2584 meo
689 2560 729 2571 -
748 2530 1038 2603 depromta
1055 2532 1192 2587 haec
1223 2533 1490 2587 videatur
1513 2535 1738 2607 oraclo]
1774 2533 1858 2589 De

264 2612 435 2672 Oret.
481 2618 554 2672 Π.
609 2616 699 2691 78.
751 2618 868 2672 »Ita
925 2634 980 2673 et
1036 2621 1297 2675 momenti
1354 2619 1560 2696 aliquid
1595 2624 1852 2695 afferent,

264 2722 438 2780 quum
472 2719 635 2762 erunt
666 2726 840 2781 paene
876 2725 944 2761 ex
978 2708 1167 2761 intima
1205 2708 1515 2764 defensione
1550 2712 1632 2766 de
1644 2729 1854 2787 prom·
1887 2708 1890 2712 ¹

263 2795 391 2853 ια’)
427 2793 515 2850 Sio
549 2808 887 2869 expromere.
953 2795 1061 2850 Pro
1095 2796 1233 2851 Rab.
1274 2797 1330 2852 5.
1368 2798 1492 2854 »An
1514 2800 1584 2854 de
1600 2801 1853 2875 peculatu

261 2882 438 2955 facto,
475 2904 546 2938 an
581 2884 649 2938 de
686 2883 952 2938 tabulario
986 2885 1206 2940 incenso
1226 2885 1386 2959 longa
1409 2890 1582 2944 oratio
1618 2905 1721 2945 est
1756 2910 1853 2947 ex-

261 2972 706 3045 promenda?
753 2988 822 3028 ex
855 2971 992 3027 Ern.
1033 2974 1246 3029 emend.
1296 2997 1462 3052 quam
1496 2979 1556 3033 in
1593 2993 1727 3033 text.
1766 2998 1851 3033 re-

267 3060 412 3134 cepit
446 3058 664 3118 Schutz.

329 3150 549 3204 Dicam
583 3160 770 3207 tamen
788 3183 826 3194 -
845 3153 1073 3225 pescia]
1104 3153 1317 3208 Dicam
1337 3156 1491 3229 quod
1504 3158 1699 3211 sentio.
1726 3156 1848 3211 Fre-
1895 3140 1906 3148 .

262 3256 434 3314 queue
470 3237 737 3294 Ciceroni.
776 3239 843 3294 de
863 3240 1019 3296 Orat.
1041 3242 1087 3296 I.
1119 3242 1201 3297 14.
1227 3241 1322 3297 44.
1349 3244 1422 3298 Π.
1445 3244 1499 3298 4.
1522 3245 1664 3300 Phil.
1694 3245 1759 3300 V.
1790 3266 1843 3302 2.

262 3326 460 3382 Poscit
477 3328 747 3383 verissima
760 3325 937 3384 lectio.
955 3329 1036 3384 De
1065 3330 1198 3406 Opt.
1224 3330 1369 3387 Gen.
1395 3332 1551 3389 Orat.
1584 3333 1638 3389 5.
1676 3323 1870 3390 „haec”

1727 3424 1842 3479 dixi
