2436 4062
563 338 566 341 '
624 345 665 389 2
943 324 1038 384 M.
1084 322 1380 385 TULLII
1420 323 1871 390 CICERONIS

614 472 798 556 Quod
845 493 980 532 cum
1019 470 1103 531 ita
1142 487 1441 553 putarem,
1505 471 1616 534 feci
1655 476 1836 537 etiam
1878 476 2185 551 audacius,

619 575 796 636 quam
846 552 948 610 ille
991 552 1150 632 ipse,
1193 551 1266 610 de
1312 569 1434 610 ‘uo
1492 552 1724 634 loquor.
1821 555 1971 617 Cato
2027 556 2185 616 enim

615 637 898 694 duntaxat
937 630 1011 690 de
1053 575 1453 712 magnitudine
1497 635 1708 708 anim-ix,
1760 634 1832 695 de
1874 638 2188 698 continen-

615 716 731 787 tia,
773 715 845 772 de
884 726 1104 786 morte,
1152 711 1225 770 de
1266 714 1428 772 omni
1455 713 1629 773 laude
1657 715 1921 788 virtutis,
1947 718 2021 777 de
2050 716 2184 777 Diis

611 792 1043 854 immortalibus
1061 836 1077 866 ,
1111 789 1183 851 de
1213 793 1452 853 caritate
1486 793 1741 875 patriae,
1762 793 1974 857 -Stoiee
1999 796 2181 870 solet,

616 879 634 904 ¹
689 872 959 933 oratoriis
1000 873 1354 932 ornamentis
1383 873 1696 947 adhibitis,
1750 872 1964 950 dicere.
1998 881 2022 906 2
2053 877 2182 957 Ego

610 976 751 1017 vero
790 954 894 1013 illa
933 952 1092 1033 ipsa,
1145 975 1294 1035 quae
1356 953 1453 1014 vix
1490 954 1552 1013 in
1608 955 1960 1038 gymnasiis,
2015 973 2074 1018 et
2118 958 2182 1017 in

610 1037 734 1096 otio
772 1033 954 1094 Stoici
983 1034 1238 1112 probant
1263 1078 1279 1106 ,
1321 1033 1532 1095 ludens
1565 1032 1791 1113 conjeci
1825 1034 1887 1093 in
1916 1054 2186 1098 commu-

608 1139 710 1177 nes
727 1117 907 1175 locos.
953 1115 1120 1197 Quae
1139 1158 1156 1188 ,
1192 1114 1331 1194 quia
1358 1131 1495 1174 sunt
1522 1113 1924 1188 admirabilia,
1957 1120 2184 1189 contra-

605 1219 720 1281 que
750 1196 1091 1276 opinionem
1107 1193 1370 1254 omnium
1392 1238 1408 1265 ,
1445 1196 1548 1271 (ab
1563 1195 1701 1276 ipsis
1719 1194 1895 1254 etiam
1924 1205 2181 1270 παράδοξα

604 1278 1007 1361 appellantur)
1051 1291 1275 1334 tentare
1325 1275 1519 1350 volui,
1568 1291 1880 1356 possentne
1930 1281 2183 1359 proferri

601 1360 667 1420 in
718 1360 944 1429 lucem,
989 1365 1008 1393 ³
1056 1353 1120 1416 id
1163 1370 1280 1427 est,
1332 1355 1396 1414 in
1436 1357 1664 1429 forum,
1710 1371 1770 1414 et
1797 1356 1880 1416 ita
1911 1359 2067 1435 dici,
2113 1381 2182 1426 ut

600 1441 1026 1523 probarentur,
1086 1458 1161 1494 an
1208 1434 1324 1494 alia
1378 1435 1665 1518 quaedam
1715 1452 1864 1496 esset
1914 1441 2181 1520 erudita,

601 1522 718 1582 alia
761 1517 1062 1601 popularis
1108 1516 1325 1576 oratio:
1380 1538 1566 1599 eoque
1617 1514 1822 1597 scripsi
1864 1518 2177 1600 libentius,

599 1600 762 1685 quod
802 1596 951 1660 mihi
982 1596 1129 1670 ista,
1173 1605 1434 1668 παράδοξοι
1477 1619 1624 1680 quae
1668 1597 2002 1678 appellant,
2047 1626 2180 1664 ma·-
2234 1668 2238 1671 ,

599 1685 753 1746 xime
788 1682 1063 1742 videntur
1090 1699 1208 1740 esse
1240 1679 1572 1753 Socratica,
1620 1677 1912 1760 longeque
1943 1683 2180 1745 verissi-

596 1787 714 1824 ma.
798 1758 1078 1840 Accipies
1120 1758 1301 1841 igitur
1340 1761 1457 1821 hoc
1497 1780 1747 1841 parvum
1790 1763 2176 1841 opuseulum,

598 1845 975 1906 lucubratum
1024 1839 1116 1902 his·
1174 1843 1293 1922 jam
1335 1837 1822 1902 contractioribus
1870 1843 2177 1905 noctibus:

595 1924 880 2010 quoniam
946 1922 1098 1982 illud
1142 1922 1436 2001 majorum
1480 1919 1819 1998 vigiliarum
1863 1942 2079 1989 munus
2109 1924 2193 2002 iu„

598 2024 704 2067 tuo
738 2000 976 2073 nomine
1022 2001 1294 2084 apparuit
1311 2024 1332 2071 3
1372 2017 1433 2060 et
1474 1998 1807 2083 degustabis
1847 2022 2032 2085 genus
2058 2003 2176 2069 hoe

594 2085 1081 2150 exercitationum
1095 2104 1292 2142 earum
1310 2125 1328 2155 ,
1406 2079 1573 2140 uibus
1587 2077 1675 2140 uti
1705 2081 2012 2156 consuevi,
2036 2103 2173 2144 cum

566 2160 700 2241 'ea,
747 2188 896 2249 quae
938 2163 1221 2224 dicuntur
1260 2161 1324 2220 in
1404 2159 1590 2220 cholis
1635 2167 1858 2234 Θετικαὲ,
1903 2159 1990 2220 ad'
2021 2182 2172 2224 nos-

595 2265 754 2308 trum
805 2247 921 2305 hoc
968 2242 1292 2302 oratorium
1352 2239 1634 2300 transfero
1690 2239 1931 2303 dicendi
1963 2262 2172 2320 genus.

565 2328 738 2388 'Hoc
798 2341 998 2384 tamen
1051 2341 1199 2403 opus
1239 2323 1266 2354 4
1310 2320 1376 2380 in
1429 2336 1736 2401 acceptum
1791 2336 1858 2381 ut
1918 2321 2168 2395 referas,

592 2406 746 2467 nihil
785 2405 1046 2490 postulo.
1127 2401 1270 2460 Non
1312 2416 1397 2461 est
1442 2398 1634 2472 enim,
1674 2418 1742 2462 ut
1769 2401 1833 2462 in
1865 2423 1997 2462 arce
2021 2402 2168 2483 poni

588 2487 774 2569 possit
791 2531 808 2562 ,
852 2485 1017 2567 quasi
1044 2482 1149 2541 illa
1177 2481 1457 2540 Minerva
1485 2479 1731 2543 Phidiae
1746 2507 1781 2554 3.
1807 2482 1918 2542 sed
1938 2497 2164 2558 tamen,

588 2585 655 2628 ut
694 2589 766 2628 ex
813 2566 1015 2627 eadem
1063 2562 1291 2623 officina
1330 2560 1511 2621 exisse
1549 2578 1847 2643 appareat.
2119 2573 2126 2578 '

1108 2704 1576 2761 PARADOXON
1623 2705 1670 2762 I.¹

933 2853 1056 2909 “Oa-c
1092 2852 1235 2918 μόνον
1272 2851 1498 2914 ἀγαθὸν,
1535 2849 1591 2904 τὸ
1628 2847 1806 2902 καλόν.

695 2967 860 3041 Quod
897 2967 1185 3021 honestum
1237 2964 1304 3016 sit
1324 3001 1341 3031 ,
1391 2961 1446 3014 id
1479 2959 1652 3014 solum
1689 2958 1895 3012 bonum
1923 2942 2051 3013 esse.

659 3113 712 3172 I.
780 3111 1046 3186 Vereor,
1120 3128 1194 3167 ne
1238 3105 1333 3167 cui
1380 3118 1640 3165 vestrum
1690 3121 1759 3161 ex
1827 3097 2158 3162 Stoicorum

2117 3210 2157 3226 ..
2182 3215 2186 3220 .

630 3285 644 3306 1
675 3276 763 3309 Cod.
790 3283 841 3306 ιο.
876 3271 944 3304 Ed.
969 3270 1080 3304 Ptine
1094 3282 1102 3302 :
1132 3267 1244 3302 nullis
1269 3265 1435 3300 oratoriis
1457 3276 1536 3297 orn.
2037 3179 2115 3240 ho

629 3333 649 3355 2
676 3323 762 3356 0011.
794 3331 844 3352 ιο.
858 3318 936 3360 Ego
951 3330 1036 3352 vero
1049 3318 1115 3352 tibi
1128 3317 1208 3350 ina.
1220 3315 1305 3348 cod.
1318 3314 1426 3348 Voss.
1442 3324 1480 3346 n.
1497 3312 1542 3352 84
1553 3317 1589 3346 ot
1600 3308 1666 3344 Ed.
1683 3308 1804 3344 Ptine:
1820 3307 1897 3351 Ego
1909 3307 1975 3341 tibi
1988 3306 2151 3362 illapipu.

680 3371 767 3403 eod.
800 3379 854 3401 ιο.
883 3366 928 3405 84
951 3365 1021 3400 mh
1059 3366 1184 3409 Priuer.
1212 3373 1245 3395 ι.
1268 3374 1298 3395 e.
1328 3361 1365 3394 iu
1393 3361 1529 3394 sorum.-

682 3418 769 3452 cod.
793 3416 838 3455 84
864 3414 903 3448 in
929 3419 1115 3458 acceptum
1141 3416 1180 3445 ut
1199 3409 1348 3446 reseras.
1370 3424 1429 3434 -—
1473 3406 1559 3442 0011.
1587 3415 1642 3439 ιο.
1671 3402 1887 3437 ΕᾱεΡι-ἰηο.
1915 3401 1956 3436 in
1981 3405 2150 3465 apertum.
