<?xml version="1.0" encoding="UTF-8"?>
<!DOCTYPE html PUBLIC "-//W3C//DTD XHTML 1.0 Transitional//EN"
    "http://www.w3.org/TR/xhtml1/DTD/xhtml1-transitional.dtd">
<html xmlns="http://www.w3.org/1999/xhtml" xml:lang="en" lang="en">
 <head>
  <title>
</title>
<meta http-equiv="Content-Type" content="text/html;charset=utf-8" />
  <meta name='ocr-system' content='tesseract 3.04.00' />
  <meta name='ocr-capabilities' content='ocr_page ocr_carea ocr_par ocr_line ocrx_word'/>
</head>
<body>
  <div class='ocr_page' id='page_1' title='image "./paradoxaparadoxa00ciceuoft_0028.png"; bbox 0 0 2392 4062; ppageno 0'>
   <div class='ocr_carea' id='block_1_1' title="bbox 582 284 1889 368">
    <p class='ocr_par' dir='ltr' id='par_1_1' title="bbox 582 284 1889 368">
     <span class='ocr_line' id='line_1_1' title="bbox 582 284 1889 368; baseline 0.002 -17"><span class='ocrx_word' id='word_1_1' title='bbox 582 304 655 368; x_wconf 74' lang='lat'><strong>14</strong></span> <span class='ocrx_word' id='word_1_2' title='bbox 894 289 990 350; x_wconf 92' lang='lat' dir='ltr'><strong>M.</strong></span> <span class='ocrx_word' id='word_1_3' title='bbox 1041 286 1343 350; x_wconf 85' lang='lat' dir='ltr'>TULLII</span> <span class='ocrx_word' id='word_1_4' title='bbox 1438 284 1889 353; x_wconf 84' lang='lat' dir='ltr'><strong>CICERONIS</strong></span> 
     </span>
    </p>
   </div>
   <div class='ocr_carea' id='block_1_2' title="bbox 502 433 2194 3316">
    <p class='ocr_par' dir='ltr' id='par_1_2' title="bbox 502 433 2194 3265">
     <span class='ocr_line' id='line_1_2' title="bbox 565 433 2133 521; baseline 0.003 -22"><span class='ocrx_word' id='word_1_5' title='bbox 565 437 932 521; x_wconf 86' lang='lat' dir='ltr'><strong>voluptates,</strong></span> <span class='ocrx_word' id='word_1_6' title='bbox 990 433 1355 496; x_wconf 84' lang='lat' dir='ltr'><strong>iracundiam</strong></span> <span class='ocrx_word' id='word_1_7' title='bbox 1395 451 1589 498; x_wconf 88' lang='lat' dir='ltr'><strong>teneat</strong></span> <span class='ocrx_word' id='word_1_8' title='bbox 1607 481 1627 513; x_wconf 93' lang='lat'><strong><em>‚</em></strong></span> <span class='ocrx_word' id='word_1_9' title='bbox 1681 457 1946 503; x_wconf 87' lang='lat' dir='ltr'><strong>coerceat</strong></span> <span class='ocrx_word' id='word_1_10' title='bbox 1991 461 2133 503; x_wconf 79' lang='lat' dir='ltr'><strong>ava-</strong></span> 
     </span>
     <span class='ocr_line' id='line_1_3' title="bbox 570 517 2131 600; baseline 0.003 -22"><span class='ocrx_word' id='word_1_11' title='bbox 570 521 802 592; x_wconf 85' lang='lat' dir='ltr'><strong>ritiam,</strong></span> <span class='ocrx_word' id='word_1_12' title='bbox 849 534 1067 577; x_wconf 90' lang='lat' dir='ltr'><strong>ceteras</strong></span> <span class='ocrx_word' id='word_1_13' title='bbox 1111 517 1289 576; x_wconf 86' lang='lat' dir='ltr'><strong>animi</strong></span> <span class='ocrx_word' id='word_1_14' title='bbox 1341 517 1501 578; x_wconf 85' lang='lat' dir='ltr'><strong>labes</strong></span> <span class='ocrx_word' id='word_1_15' title='bbox 1546 519 1827 600; x_wconf 89' lang='lat' dir='ltr'><strong>repellat:</strong></span> <span class='ocrx_word' id='word_1_16' title='bbox 1870 538 1997 582; x_wconf 89' lang='lat' dir='ltr'><strong>tum</strong></span> <span class='ocrx_word' id='word_1_17' title='bbox 2027 523 2131 582; x_wconf 89' lang='lat' dir='ltr'><strong>in-</strong></span> 
     </span>
     <span class='ocr_line' id='line_1_4' title="bbox 569 596 2131 683; baseline 0.003 -24"><span class='ocrx_word' id='word_1_18' title='bbox 569 600 752 681; x_wconf 87' lang='lat' dir='ltr'><strong>cipiat</strong></span> <span class='ocrx_word' id='word_1_19' title='bbox 797 597 924 656; x_wconf 91' lang='lat' dir='ltr'><strong>aliis</strong></span> <span class='ocrx_word' id='word_1_20' title='bbox 966 596 1288 678; x_wconf 87' lang='lat' dir='ltr'><strong>imperare,</strong></span> <span class='ocrx_word' id='word_1_21' title='bbox 1331 617 1468 657; x_wconf 88' lang='lat' dir='ltr'><strong>cum</strong></span> <span class='ocrx_word' id='word_1_22' title='bbox 1518 597 1641 678; x_wconf 88' lang='lat' dir='ltr'><strong>ipse</strong></span> <span class='ocrx_word' id='word_1_23' title='bbox 1687 599 2131 683; x_wconf 89' lang='lat' dir='ltr'><strong>improbissimis</strong></span> 
     </span>
     <span class='ocr_line' id='line_1_5' title="bbox 571 676 2131 762; baseline 0.003 -24"><span class='ocrx_word' id='word_1_24' title='bbox 571 677 857 751; x_wconf 84' lang='lat' dir='ltr'><strong>dominis,</strong></span> <span class='ocrx_word' id='word_1_25' title='bbox 904 676 1178 737; x_wconf 87' lang='lat' dir='ltr'><strong>dedecori</strong></span> <span class='ocrx_word' id='word_1_26' title='bbox 1212 697 1280 737; x_wconf 88' lang='lat' dir='ltr'><strong>ac</strong></span> <span class='ocrx_word' id='word_1_27' title='bbox 1318 676 1672 758; x_wconf 86' lang='lat' dir='ltr'><strong>turpitudini</strong></span> <span class='ocrx_word' id='word_1_28' title='bbox 1705 703 1908 762; x_wconf 88' lang='lat' dir='ltr'><strong>parere</strong></span> <span class='ocrx_word' id='word_1_29' title='bbox 1933 682 2131 743; x_wconf 90' lang='lat' dir='ltr'><strong>desie-</strong></span> 
     </span>
     <span class='ocr_line' id='line_1_6' title="bbox 502 756 2137 839; baseline 0.004 -22"><span class='ocrx_word' id='word_1_30' title='bbox 502 769 507 775; x_wconf 89' lang='lat'>&#39;</span> <span class='ocrx_word' id='word_1_31' title='bbox 569 759 668 818; x_wconf 90' lang='lat' dir='ltr'><strong>rit.</strong></span> <span class='ocrx_word' id='word_1_32' title='bbox 750 757 912 816; x_wconf 89' lang='lat' dir='ltr'><strong>Dum</strong></span> <span class='ocrx_word' id='word_1_33' title='bbox 941 756 1181 839; x_wconf 83' lang='lat' dir='ltr'><strong>quidem</strong></span> <span class='ocrx_word' id='word_1_34' title='bbox 1224 757 1321 816; x_wconf 86' lang='lat' dir='ltr'><strong>his·</strong></span> <span class='ocrx_word' id='word_1_35' title='bbox 1345 758 1608 833; x_wconf 85' lang='lat' dir='ltr'><strong>obediet,</strong></span> <span class='ocrx_word' id='word_1_36' title='bbox 1639 780 1759 820; x_wconf 89' lang='lat' dir='ltr'><strong>non</strong></span> <span class='ocrx_word' id='word_1_37' title='bbox 1796 763 1974 822; x_wconf 88' lang='lat' dir='ltr'><strong>modo</strong></span> <span class='ocrx_word' id='word_1_38' title='bbox 2019 763 2137 823; x_wconf 84' lang='lat' dir='ltr'><strong>im-</strong></span> 
     </span>
     <span class='ocr_line' id='line_1_7' title="bbox 571 836 2132 919; baseline 0.004 -23"><span class='ocrx_word' id='word_1_39' title='bbox 571 854 840 919; x_wconf 85' lang='lat' dir='ltr'><strong>perator,</strong></span> <span class='ocrx_word' id='word_1_40' title='bbox 902 838 1004 898; x_wconf 89' lang='lat' dir='ltr'><strong>sed</strong></span> <span class='ocrx_word' id='word_1_41' title='bbox 1052 837 1205 898; x_wconf 89' lang='lat' dir='ltr'><strong>liber</strong></span> <span class='ocrx_word' id='word_1_42' title='bbox 1240 836 1545 898; x_wconf 88' lang='lat' dir='ltr'><strong>habendus</strong></span> <span class='ocrx_word' id='word_1_43' title='bbox 1572 841 1819 900; x_wconf 71' lang='lat' dir='ltr'><strong>vomnino</strong></span> <span class='ocrx_word' id='word_1_44' title='bbox 1848 863 1968 901; x_wconf 89' lang='lat' dir='ltr'><strong>non</strong></span> <span class='ocrx_word' id='word_1_45' title='bbox 2002 842 2132 904; x_wconf 88' lang='lat' dir='ltr'><strong>erit.</strong></span> 
     </span>
     <span class='ocr_line' id='line_1_8' title="bbox 570 917 2140 1004; baseline 0.003 -25"><span class='ocrx_word' id='word_1_46' title='bbox 570 919 876 979; x_wconf 81' lang='lat' dir='ltr'>Praeclare</span> <span class='ocrx_word' id='word_1_47' title='bbox 935 917 1092 978; x_wconf 87' lang='lat' dir='ltr'><strong>enim</strong></span> <span class='ocrx_word' id='word_1_48' title='bbox 1138 934 1225 978; x_wconf 91' lang='lat' dir='ltr'><strong>est</strong></span> <span class='ocrx_word' id='word_1_49' title='bbox 1270 918 1382 978; x_wconf 89' lang='lat' dir='ltr'><strong>hoc</strong></span> <span class='ocrx_word' id='word_1_50' title='bbox 1441 935 1786 1004; x_wconf 84' lang='lat' dir='ltr'><strong>usurpatum</strong></span> <span class='ocrx_word' id='word_1_51' title='bbox 1833 943 1868 980; x_wconf 86' lang='lat' dir='ltr'><strong>a</strong></span> <span class='ocrx_word' id='word_1_52' title='bbox 1917 923 2140 983; x_wconf 82' lang='lat' dir='ltr'><strong>doctis-</strong></span> 
     </span>
     <span class='ocr_line' id='line_1_9' title="bbox 575 997 2139 1080; baseline 0.004 -21"><span class='ocrx_word' id='word_1_53' title='bbox 575 1000 766 1073; x_wconf 89' lang='lat' dir='ltr'><strong>simis,</strong></span> <span class='ocrx_word' id='word_1_54' title='bbox 811 1019 1063 1080; x_wconf 86' lang='lat' dir='ltr'><strong>quorum</strong></span> <span class='ocrx_word' id='word_1_55' title='bbox 1110 997 1459 1059; x_wconf 84' lang='lat' dir='ltr'><strong>auctoritate</strong></span> <span class='ocrx_word' id='word_1_56' title='bbox 1504 1018 1627 1059; x_wconf 88' lang='lat' dir='ltr'><strong>non</strong></span> <span class='ocrx_word' id='word_1_57' title='bbox 1669 1015 1902 1072; x_wconf 86' lang='lat' dir='ltr'><strong>uterer,</strong></span> <span class='ocrx_word' id='word_1_58' title='bbox 1947 1004 1996 1062; x_wconf 91' lang='lat' dir='ltr'><strong>si</strong></span> <span class='ocrx_word' id='word_1_59' title='bbox 2021 1003 2139 1067; x_wconf 86' lang='lat' dir='ltr'><strong>mi·-</strong></span> 
     </span>
     <span class='ocr_line' id='line_1_10' title="bbox 572 1077 2139 1164; baseline 0.003 -26"><span class='ocrx_word' id='word_1_60' title='bbox 572 1080 636 1140; x_wconf 87' lang='lat' dir='ltr'><strong>hi</strong></span> <span class='ocrx_word' id='word_1_61' title='bbox 680 1081 840 1162; x_wconf 87' lang='lat' dir='ltr'><strong>apud</strong></span> <span class='ocrx_word' id='word_1_62' title='bbox 867 1094 869 1096; x_wconf 82' lang='grc'><strong>’</strong></span> <span class='ocrx_word' id='word_1_63' title='bbox 895 1080 1124 1162; x_wconf 82' lang='lat' dir='ltr'><strong>aliquos</strong></span> <span class='ocrx_word' id='word_1_64' title='bbox 1168 1094 1422 1164; x_wconf 79' lang='lat' dir='ltr'><strong>agrestes</strong></span> <span class='ocrx_word' id='word_1_65' title='bbox 1482 1077 1626 1142; x_wconf 84' lang='lat' dir='ltr'><strong>haec</strong></span> <span class='ocrx_word' id='word_1_66' title='bbox 1673 1078 1942 1142; x_wconf 84' lang='lat' dir='ltr'><strong>habenda</strong></span> <span class='ocrx_word' id='word_1_67' title='bbox 1992 1092 2139 1143; x_wconf 86' lang='lat' dir='ltr'><strong>esset</strong></span> 
     </span>
     <span class='ocr_line' id='line_1_11' title="bbox 569 1158 2142 1241; baseline -0.001 -20"><span class='ocrx_word' id='word_1_68' title='bbox 569 1161 802 1232; x_wconf 78' lang='lat' dir='ltr'><strong>orati03</strong></span> <span class='ocrx_word' id='word_1_69' title='bbox 885 1182 1020 1220; x_wconf 91' lang='lat' dir='ltr'><strong>cum</strong></span> <span class='ocrx_word' id='word_1_70' title='bbox 1097 1181 1241 1222; x_wconf 85' lang='lat' dir='ltr'><strong>vero</strong></span> <span class='ocrx_word' id='word_1_71' title='bbox 1296 1158 1454 1240; x_wconf 89' lang='lat' dir='ltr'><strong>apud</strong></span> <span class='ocrx_word' id='word_1_72' title='bbox 1515 1160 1999 1241; x_wconf 82' lang='lat' dir='ltr'><strong>prudentissimos</strong></span> <span class='ocrx_word' id='word_1_73' title='bbox 2044 1162 2142 1222; x_wconf 90' lang='lat' dir='ltr'><strong>lo-</strong></span> 
     </span>
     <span class='ocr_line' id='line_1_12' title="bbox 572 1235 2194 1325; baseline 0.001 -24"><span class='ocrx_word' id='word_1_74' title='bbox 572 1264 753 1325; x_wconf 83' lang='lat' dir='ltr'><strong>quar,</strong></span> <span class='ocrx_word' id='word_1_75' title='bbox 808 1240 1021 1324; x_wconf 85' lang='lat' dir='ltr'><strong>quibus</strong></span> <span class='ocrx_word' id='word_1_76' title='bbox 1063 1240 1206 1301; x_wconf 89' lang='lat' dir='ltr'><strong>haec</strong></span> <span class='ocrx_word' id='word_1_77' title='bbox 1247 1239 1513 1300; x_wconf 87' lang='lat' dir='ltr'><strong>inaudita</strong></span> <span class='ocrx_word' id='word_1_78' title='bbox 1538 1262 1660 1300; x_wconf 90' lang='lat' dir='ltr'><strong>non</strong></span> <span class='ocrx_word' id='word_1_79' title='bbox 1686 1235 1848 1301; x_wconf 74' lang='lat' dir='ltr'><strong>sunt:</strong></span> <span class='ocrx_word' id='word_1_80' title='bbox 1897 1264 2003 1303; x_wconf 89' lang='lat' dir='ltr'><strong>cur</strong></span> <span class='ocrx_word' id='word_1_81' title='bbox 2032 1263 2140 1324; x_wconf 85' lang='lat' dir='ltr'><strong>ego</strong></span> <span class='ocrx_word' id='word_1_82' title='bbox 2186 1236 2194 1245; x_wconf 77' lang='grc'><strong>’</strong></span> 
     </span>
     <span class='ocr_line' id='line_1_13' title="bbox 581 1318 2142 1406; baseline 0.001 -23"><span class='ocrx_word' id='word_1_83' title='bbox 581 1322 886 1396; x_wconf 86' lang='lat' dir='ltr'><strong>simulem,</strong></span> <span class='ocrx_word' id='word_1_84' title='bbox 927 1343 1057 1396; x_wconf 89' lang='lat' dir='ltr'><strong>me,</strong></span> <span class='ocrx_word' id='word_1_85' title='bbox 1118 1321 1168 1381; x_wconf 90' lang='lat' dir='ltr'><strong>si</strong></span> <span class='ocrx_word' id='word_1_86' title='bbox 1207 1319 1352 1402; x_wconf 83' lang='lat' dir='ltr'><strong>quid</strong></span> <span class='ocrx_word' id='word_1_87' title='bbox 1412 1321 1477 1380; x_wconf 91' lang='lat' dir='ltr'><strong>in</strong></span> <span class='ocrx_word' id='word_1_88' title='bbox 1526 1320 1640 1385; x_wconf 62' lang='lat' dir='ltr'><strong>his,</strong></span> <span class='ocrx_word' id='word_1_89' title='bbox 1670 1321 1877 1383; x_wconf 90' lang='lat' dir='ltr'><strong>studiis</strong></span> <span class='ocrx_word' id='word_1_90' title='bbox 1923 1318 2142 1406; x_wconf 61' lang='lat' dir='ltr'><strong>&#39;operae</strong></span> 
     </span>
     <span class='ocr_line' id='line_1_14' title="bbox 579 1400 2143 1488; baseline 0.002 -25"><span class='ocrx_word' id='word_1_91' title='bbox 579 1402 906 1485; x_wconf 85' lang='lat' dir='ltr'><strong>posuerim,</strong></span> <span class='ocrx_word' id='word_1_92' title='bbox 963 1400 1321 1483; x_wconf 85' lang='lat' dir='ltr'><strong>perdidisse?</strong></span> <span class='ocrx_word' id='word_1_93' title='bbox 1413 1400 1658 1462; x_wconf 84' lang='lat' dir='ltr'><strong>Dictum</strong></span> <span class='ocrx_word' id='word_1_94' title='bbox 1717 1418 1804 1462; x_wconf 85' lang='lat' dir='ltr'><strong>est</strong></span> <span class='ocrx_word' id='word_1_95' title='bbox 1848 1403 2030 1488; x_wconf 86' lang='lat' dir='ltr'><strong>igitur</strong></span> <span class='ocrx_word' id='word_1_96' title='bbox 2065 1406 2143 1466; x_wconf 86' lang='lat' dir='ltr'><strong>ab</strong></span> 
     </span>
     <span class='ocr_line' id='line_1_15' title="bbox 578 1481 2144 1564; baseline 0.001 -21"><span class='ocrx_word' id='word_1_97' title='bbox 578 1482 981 1543; x_wconf 71' lang='lat' dir='ltr'><strong>eruditissimis</strong></span> <span class='ocrx_word' id='word_1_98' title='bbox 1020 1483 1190 1553; x_wconf 83' lang='lat' dir='ltr'><strong>viriS,</strong></span> <span class='ocrx_word' id='word_1_99' title='bbox 1237 1481 1350 1542; x_wconf 91' lang='lat' dir='ltr'><strong>nisi</strong></span> <span class='ocrx_word' id='word_1_100' title='bbox 1373 1483 1726 1564; x_wconf 83' lang='lat' dir='ltr'><strong>sapientem,</strong></span> <span class='ocrx_word' id='word_1_101' title='bbox 1766 1483 2020 1546; x_wconf 87' lang='lat' dir='ltr'><strong>liberum</strong></span> <span class='ocrx_word' id='word_1_102' title='bbox 2042 1506 2144 1545; x_wconf 87' lang='lat' dir='ltr'><strong>es·-</strong></span> 
     </span>
     <span class='ocr_line' id='line_1_16' title="bbox 579 1562 2145 1646; baseline 0.001 -22"><span class='ocrx_word' id='word_1_103' title='bbox 579 1585 640 1624; x_wconf 91' lang='lat' dir='ltr'><strong>se</strong></span> <span class='ocrx_word' id='word_1_104' title='bbox 679 1564 1001 1623; x_wconf 56' lang='lat' dir='ltr'><strong>neminem„</strong></span> <span class='ocrx_word' id='word_1_105' title='bbox 1076 1562 1240 1646; x_wconf 85' lang='lat' dir='ltr'><strong>Quid</strong></span> <span class='ocrx_word' id='word_1_106' title='bbox 1280 1579 1367 1624; x_wconf 89' lang='lat' dir='ltr'><strong>est</strong></span> <span class='ocrx_word' id='word_1_107' title='bbox 1392 1563 1551 1622; x_wconf 88' lang='lat' dir='ltr'><strong>enim</strong></span> <span class='ocrx_word' id='word_1_108' title='bbox 1581 1562 1858 1624; x_wconf 84' lang='lat' dir='ltr'><strong>libertas?</strong></span> <span class='ocrx_word' id='word_1_109' title='bbox 1934 1564 2145 1626; x_wconf 87' lang='lat' dir='ltr'><strong>Potes-</strong></span> 
     </span>
     <span class='ocr_line' id='line_1_17' title="bbox 577 1641 2145 1727; baseline 0.001 -23"><span class='ocrx_word' id='word_1_110' title='bbox 577 1660 664 1704; x_wconf 87' lang='lat' dir='ltr'><strong>tas</strong></span> <span class='ocrx_word' id='word_1_111' title='bbox 699 1643 973 1718; x_wconf 83' lang='lat' dir='ltr'><strong>vivendi,</strong></span> <span class='ocrx_word' id='word_1_112' title='bbox 1017 1660 1084 1704; x_wconf 92' lang='lat' dir='ltr'><strong>ut</strong></span> <span class='ocrx_word' id='word_1_113' title='bbox 1121 1643 1289 1704; x_wconf 75' lang='lat' dir='ltr'><strong>velis·</strong></span> <span class='ocrx_word' id='word_1_114' title='bbox 1399 1641 1548 1726; x_wconf 82' lang='lat' dir='ltr'><strong>Quis</strong></span> <span class='ocrx_word' id='word_1_115' title='bbox 1601 1644 1782 1727; x_wconf 87' lang='lat' dir='ltr'><strong>igitur</strong></span> <span class='ocrx_word' id='word_1_116' title='bbox 1835 1643 2014 1719; x_wconf 78' lang='lat' dir='ltr'><strong>vivit,</strong></span> <span class='ocrx_word' id='word_1_117' title='bbox 2063 1657 2145 1706; x_wconf 80' lang='lat' dir='ltr'><strong>‘ut</strong></span> 
     </span>
     <span class='ocr_line' id='line_1_18' title="bbox 581 1723 2147 1808; baseline 0.002 -24"><span class='ocrx_word' id='word_1_118' title='bbox 581 1726 747 1801; x_wconf 86' lang='lat' dir='ltr'><strong>vult,</strong></span> <span class='ocrx_word' id='word_1_119' title='bbox 791 1725 903 1784; x_wconf 85' lang='lat' dir='ltr'><strong>nisi</strong></span> <span class='ocrx_word' id='word_1_120' title='bbox 940 1725 1043 1807; x_wconf 86' lang='lat' dir='ltr'><strong>qui</strong></span> <span class='ocrx_word' id='word_1_121' title='bbox 1085 1741 1244 1785; x_wconf 88' lang='lat' dir='ltr'><strong>recta</strong></span> <span class='ocrx_word' id='word_1_122' title='bbox 1282 1726 1578 1807; x_wconf 83' lang='lat' dir='ltr'><strong>sequitur,</strong></span> <span class='ocrx_word' id='word_1_123' title='bbox 1625 1724 1728 1808; x_wconf 83' lang='lat' dir='ltr'><strong>qui</strong></span> <span class='ocrx_word' id='word_1_124' title='bbox 1774 1723 1989 1804; x_wconf 83' lang='lat' dir='ltr'><strong>gaudet</strong></span> <span class='ocrx_word' id='word_1_125' title='bbox 2015 1726 2147 1787; x_wconf 88' lang='lat' dir='ltr'><strong>offi-</strong></span> 
     </span>
     <span class='ocr_line' id='line_1_19' title="bbox 583 1804 2148 1888; baseline 0.001 -22"><span class='ocrx_word' id='word_1_126' title='bbox 583 1806 710 1881; x_wconf 82' lang='lat' dir='ltr'><strong>ei0,</strong></span> <span class='ocrx_word' id='word_1_127' title='bbox 757 1806 854 1865; x_wconf 81' lang='lat' dir='ltr'><strong>cui</strong></span> <span class='ocrx_word' id='word_1_128' title='bbox 890 1804 1130 1866; x_wconf 84' lang='lat' dir='ltr'><strong>vivendi</strong></span> <span class='ocrx_word' id='word_1_129' title='bbox 1170 1805 1267 1866; x_wconf 86' lang='lat' dir='ltr'><strong>via</strong></span> <span class='ocrx_word' id='word_1_130' title='bbox 1322 1805 1719 1880; x_wconf 85' lang='lat' dir='ltr'><strong>considerata,</strong></span> <span class='ocrx_word' id='word_1_131' title='bbox 1774 1823 1950 1887; x_wconf 87' lang='lat' dir='ltr'><strong>atque</strong></span> <span class='ocrx_word' id='word_1_132' title='bbox 2003 1827 2148 1888; x_wconf 85' lang='lat' dir='ltr'><strong>pro-.-</strong></span> 
     </span>
     <span class='ocr_line' id='line_1_20' title="bbox 584 1885 2152 1968; baseline 0.001 -23"><span class='ocrx_word' id='word_1_133' title='bbox 584 1886 712 1946; x_wconf 88' lang='lat' dir='ltr'><strong>visa</strong></span> <span class='ocrx_word' id='word_1_134' title='bbox 757 1886 890 1945; x_wconf 82' lang='lat' dir='ltr'><strong>est?</strong></span> <span class='ocrx_word' id='word_1_135' title='bbox 935 1886 1038 1968; x_wconf 87' lang='lat' dir='ltr'><strong>qui</strong></span> <span class='ocrx_word' id='word_1_136' title='bbox 1075 1886 1302 1965; x_wconf 86' lang='lat' dir='ltr'><strong>legibus</strong></span> <span class='ocrx_word' id='word_1_137' title='bbox 1328 1885 1566 1967; x_wconf 84' lang='lat' dir='ltr'><strong>quidem</strong></span> <span class='ocrx_word' id='word_1_138' title='bbox 1603 1907 1727 1946; x_wconf 90' lang='lat' dir='ltr'><strong>non</strong></span> <span class='ocrx_word' id='word_1_139' title='bbox 1753 1899 1996 1968; x_wconf 85' lang='lat' dir='ltr'><strong>propter</strong></span> <span class='ocrx_word' id='word_1_140' title='bbox 2020 1909 2152 1947; x_wconf 71' lang='lat' dir='ltr'><strong>me-</strong></span> 
     </span>
     <span class='ocr_line' id='line_1_21' title="bbox 587 1966 2149 2050; baseline 0.001 -24"><span class='ocrx_word' id='word_1_141' title='bbox 587 1982 716 2026; x_wconf 91' lang='lat' dir='ltr'><strong>tum</strong></span> <span class='ocrx_word' id='word_1_142' title='bbox 758 1982 963 2047; x_wconf 85' lang='lat' dir='ltr'><strong>paret,</strong></span> <span class='ocrx_word' id='word_1_143' title='bbox 1011 1966 1113 2027; x_wconf 89' lang='lat' dir='ltr'><strong>sed</strong></span> <span class='ocrx_word' id='word_1_144' title='bbox 1137 1987 1230 2025; x_wconf 91' lang='lat' dir='ltr'><strong>eas</strong></span> <span class='ocrx_word' id='word_1_145' title='bbox 1258 1967 1552 2048; x_wconf 74' lang='lat' dir='ltr'><strong>sequitur,</strong></span> <span class='ocrx_word' id='word_1_146' title='bbox 1595 1982 1776 2049; x_wconf 82' lang='lat' dir='ltr'><strong>atque</strong></span> <span class='ocrx_word' id='word_1_147' title='bbox 1808 1966 1983 2039; x_wconf 83' lang='lat' dir='ltr'><strong>colit,</strong></span> <span class='ocrx_word' id='word_1_148' title='bbox 2010 1967 2149 2050; x_wconf 85' lang='lat' dir='ltr'><strong>quia</strong></span> 
     </span>
     <span class='ocr_line' id='line_1_22' title="bbox 583 2046 2157 2130; baseline 0.002 -24"><span class='ocrx_word' id='word_1_149' title='bbox 583 2046 649 2106; x_wconf 91' lang='lat' dir='ltr'><strong>id</strong></span> <span class='ocrx_word' id='word_1_150' title='bbox 681 2047 935 2123; x_wconf 78' lang='lat' dir='ltr'><strong>salutare</strong></span> <span class='ocrx_word' id='word_1_151' title='bbox 977 2047 1227 2107; x_wconf 84' lang='lat' dir='ltr'><strong>maxime</strong></span> <span class='ocrx_word' id='word_1_152' title='bbox 1272 2067 1391 2107; x_wconf 84' lang='lat' dir='ltr'><strong>esse</strong></span> <span class='ocrx_word' id='word_1_153' title='bbox 1429 2046 1681 2127; x_wconf 81' lang='lat' dir='ltr'><strong>judicat:</strong></span> <span class='ocrx_word' id='word_1_154' title='bbox 1725 2046 1829 2130; x_wconf 83' lang='lat' dir='ltr'><strong>qui</strong></span> <span class='ocrx_word' id='word_1_155' title='bbox 1873 2046 2024 2108; x_wconf 80' lang='lat' dir='ltr'><strong>nihil</strong></span> <span class='ocrx_word' id='word_1_156' title='bbox 2051 2048 2157 2109; x_wconf 83' lang='lat' dir='ltr'><strong>di-</strong></span> 
     </span>
     <span class='ocr_line' id='line_1_23' title="bbox 588 2126 2151 2210; baseline 0.001 -23"><span class='ocrx_word' id='word_1_157' title='bbox 588 2128 699 2203; x_wconf 85' lang='lat' dir='ltr'><strong>cit,</strong></span> <span class='ocrx_word' id='word_1_158' title='bbox 752 2127 903 2187; x_wconf 86' lang='lat' dir='ltr'><strong>nihil</strong></span> <span class='ocrx_word' id='word_1_159' title='bbox 963 2127 1139 2202; x_wconf 84' lang='lat' dir='ltr'><strong>facit,</strong></span> <span class='ocrx_word' id='word_1_160' title='bbox 1212 2127 1367 2186; x_wconf 90' lang='lat' dir='ltr'><strong>nihil</strong></span> <span class='ocrx_word' id='word_1_161' title='bbox 1421 2127 1642 2210; x_wconf 85' lang='lat' dir='ltr'><strong>cogitat</strong></span> <span class='ocrx_word' id='word_1_162' title='bbox 1696 2126 1984 2208; x_wconf 83' lang='lat' dir='ltr'><strong>denique,</strong></span> <span class='ocrx_word' id='word_1_163' title='bbox 2036 2127 2151 2189; x_wconf 79' lang='lat' dir='ltr'><strong>nisi</strong></span> 
     </span>
     <span class='ocr_line' id='line_1_24' title="bbox 586 2206 2150 2286; baseline 0.003 -20"><span class='ocrx_word' id='word_1_164' title='bbox 586 2208 841 2268; x_wconf 87' lang='lat' dir='ltr'><strong>libenter</strong></span> <span class='ocrx_word' id='word_1_165' title='bbox 883 2229 951 2267; x_wconf 89' lang='lat' dir='ltr'><strong>ac</strong></span> <span class='ocrx_word' id='word_1_166' title='bbox 987 2208 1201 2267; x_wconf 87' lang='lat' dir='ltr'><strong>libere:</strong></span> <span class='ocrx_word' id='word_1_167' title='bbox 1241 2208 1407 2286; x_wconf 82' lang='lat' dir='ltr'><strong>cujus</strong></span> <span class='ocrx_word' id='word_1_168' title='bbox 1445 2206 1645 2266; x_wconf 87' lang='lat' dir='ltr'><strong>omnia</strong></span> <span class='ocrx_word' id='word_1_169' title='bbox 1684 2208 1964 2283; x_wconf 86' lang='lat' dir='ltr'><strong>consilia,</strong></span> <span class='ocrx_word' id='word_1_170' title='bbox 2017 2229 2150 2270; x_wconf 90' lang='lat' dir='ltr'><strong>res-</strong></span> 
     </span>
     <span class='ocr_line' id='line_1_25' title="bbox 588 2286 2152 2371; baseline 0.001 -23"><span class='ocrx_word' id='word_1_171' title='bbox 588 2312 702 2371; x_wconf 88' lang='lat' dir='ltr'><strong>que</strong></span> <span class='ocrx_word' id='word_1_172' title='bbox 751 2307 982 2362; x_wconf 81' lang='lat' dir='ltr'><strong>omneS,</strong></span> <span class='ocrx_word' id='word_1_173' title='bbox 1023 2307 1164 2369; x_wconf 89' lang='lat' dir='ltr'><strong>quas</strong></span> <span class='ocrx_word' id='word_1_174' title='bbox 1195 2286 1373 2366; x_wconf 84' lang='lat' dir='ltr'><strong>gerit,</strong></span> <span class='ocrx_word' id='word_1_175' title='bbox 1409 2288 1483 2346; x_wconf 84' lang='lat' dir='ltr'><strong>ab</strong></span> <span class='ocrx_word' id='word_1_176' title='bbox 1512 2287 1641 2368; x_wconf 90' lang='lat' dir='ltr'><strong>ipso</strong></span> <span class='ocrx_word' id='word_1_177' title='bbox 1666 2289 2152 2369; x_wconf 87' lang='lat' dir='ltr'><strong>proficiscuntur,</strong></span> 
     </span>
     <span class='ocr_line' id='line_1_26' title="bbox 588 2369 2180 2452; baseline 0.001 -24"><span class='ocrx_word' id='word_1_178' title='bbox 588 2369 910 2450; x_wconf 88' lang='lat' dir='ltr'><strong>eodemque</strong></span> <span class='ocrx_word' id='word_1_179' title='bbox 954 2374 972 2398; x_wconf 81' lang='lat'>¹</span> <span class='ocrx_word' id='word_1_180' title='bbox 1019 2370 1317 2427; x_wconf 86' lang='lat' dir='ltr'><strong>feruntur:</strong></span> <span class='ocrx_word' id='word_1_181' title='bbox 1370 2388 1479 2428; x_wconf 91' lang='lat' dir='ltr'><strong>nec</strong></span> <span class='ocrx_word' id='word_1_182' title='bbox 1518 2384 1605 2428; x_wconf 89' lang='lat' dir='ltr'><strong>est</strong></span> <span class='ocrx_word' id='word_1_183' title='bbox 1642 2369 1770 2428; x_wconf 89' lang='lat' dir='ltr'><strong>ulla</strong></span> <span class='ocrx_word' id='word_1_184' title='bbox 1821 2391 1949 2442; x_wconf 89' lang='lat' dir='ltr'><strong>res,</strong></span> <span class='ocrx_word' id='word_1_185' title='bbox 2003 2391 2180 2452; x_wconf 60' lang='lat' dir='ltr'><strong>quae&gt;</strong></span> 
     </span>
     <span class='ocr_line' id='line_1_27' title="bbox 588 2447 2164 2543; baseline 0.002 -35"><span class='ocrx_word' id='word_1_186' title='bbox 588 2451 730 2532; x_wconf 83' lang='lat' dir='ltr'><strong>plus</strong></span> <span class='ocrx_word' id='word_1_187' title='bbox 774 2447 933 2543; x_wconf 70' lang='lat' dir='ltr'><strong>apud</strong></span> <span class='ocrx_word' id='word_1_188' title='bbox 973 2470 1108 2509; x_wconf 89' lang='lat' dir='ltr'><strong>eum</strong></span> <span class='ocrx_word' id='word_1_189' title='bbox 1143 2447 1399 2530; x_wconf 89' lang='lat' dir='ltr'><strong>polleat,</strong></span> <span class='ocrx_word' id='word_1_190' title='bbox 1439 2470 1636 2531; x_wconf 40' lang='lat' dir='ltr'><strong>quam,</strong></span> <span class='ocrx_word' id='word_1_191' title='bbox 1658 2449 1839 2532; x_wconf 91' lang='lat' dir='ltr'><strong>ipsius</strong></span> <span class='ocrx_word' id='word_1_192' title='bbox 1879 2449 2164 2512; x_wconf 83' lang='lat' dir='ltr'><strong>voluntas-</strong></span> 
     </span>
     <span class='ocr_line' id='line_1_28' title="bbox 591 2528 2155 2613; baseline 0 -23"><span class='ocrx_word' id='word_1_193' title='bbox 591 2547 767 2613; x_wconf 88' lang='lat' dir='ltr'><strong>atque</strong></span> <span class='ocrx_word' id='word_1_194' title='bbox 813 2528 1131 2611; x_wconf 70' lang='lat' dir='ltr'><strong>judicium:</strong></span> <span class='ocrx_word' id='word_1_195' title='bbox 1174 2528 1270 2588; x_wconf 92' lang='lat' dir='ltr'><strong>cui</strong></span> <span class='ocrx_word' id='word_1_196' title='bbox 1310 2528 1549 2611; x_wconf 86' lang='lat' dir='ltr'><strong>quidem</strong></span> <span class='ocrx_word' id='word_1_197' title='bbox 1589 2529 1766 2590; x_wconf 88' lang='lat' dir='ltr'><strong>etiarn</strong></span> <span class='ocrx_word' id='word_1_198' title='bbox 1807 2532 1987 2613; x_wconf 86' lang='lat' dir='ltr'><strong>(quae</strong></span> <span class='ocrx_word' id='word_1_199' title='bbox 2031 2530 2155 2591; x_wconf 86' lang='lat' dir='ltr'><strong>vim</strong></span> 
     </span>
     <span class='ocr_line' id='line_1_29' title="bbox 591 2608 2154 2692; baseline 0 -21"><span class='ocrx_word' id='word_1_200' title='bbox 591 2612 808 2671; x_wconf 78' lang='lat' dir='ltr'><strong>&#39;habere</strong></span> <span class='ocrx_word' id='word_1_201' title='bbox 848 2610 1161 2670; x_wconf 82' lang='lat' dir='ltr'><strong>maximam</strong></span> <span class='ocrx_word' id='word_1_202' title='bbox 1199 2608 1446 2686; x_wconf 85' lang='lat' dir='ltr'><strong>dicitur)</strong></span> <span class='ocrx_word' id='word_1_203' title='bbox 1502 2608 1764 2670; x_wconf 87' lang='lat' dir='ltr'><strong>Fortuna</strong></span> <span class='ocrx_word' id='word_1_204' title='bbox 1805 2609 1931 2692; x_wconf 87' lang='lat' dir='ltr'><strong>ipsa</strong></span> <span class='ocrx_word' id='word_1_205' title='bbox 1971 2610 2154 2672; x_wconf 84' lang='lat' dir='ltr'><strong>cedit:</strong></span> 
     </span>
     <span class='ocr_line' id='line_1_30' title="bbox 590 2690 2161 2773; baseline -0.001 -22"><span class='ocrx_word' id='word_1_206' title='bbox 590 2692 741 2752; x_wconf 89' lang='lat' dir='ltr'><strong>sicut</strong></span> <span class='ocrx_word' id='word_1_207' title='bbox 784 2693 1010 2773; x_wconf 86' lang='lat' dir='ltr'><strong>sapiens</strong></span> <span class='ocrx_word' id='word_1_208' title='bbox 1053 2697 1229 2771; x_wconf 67' lang='lat' dir='ltr'><strong>poeta</strong></span> <span class='ocrx_word' id='word_1_209' title='bbox 1281 2690 1428 2749; x_wconf 89' lang='lat' dir='ltr'><strong>dixit</strong></span> <span class='ocrx_word' id='word_1_210' title='bbox 1442 2715 1463 2762; x_wconf 77' lang='lat'>3</span> <span class='ocrx_word' id='word_1_211' title='bbox 1504 2695 1639 2748; x_wconf 78' lang='lat' dir='ltr'><strong>suis</strong></span> <span class='ocrx_word' id='word_1_212' title='bbox 1668 2711 1741 2748; x_wconf 81' lang='lat' dir='ltr'><strong>ea</strong></span> <span class='ocrx_word' id='word_1_213' title='bbox 1789 2695 2020 2771; x_wconf 76' lang='lat' dir='ltr'><strong>cuique</strong></span> <span class='ocrx_word' id='word_1_214' title='bbox 2024 2691 2161 2768; x_wconf 82' lang='lat' dir='ltr'><strong>fin-</strong></span> 
     </span>
     <span class='ocr_line' id='line_1_31' title="bbox 588 2769 2159 2854; baseline 0.001 -24"><span class='ocrx_word' id='word_1_215' title='bbox 588 2776 763 2851; x_wconf 79' lang='lat' dir='ltr'><strong>gz&#39;tur</strong></span> <span class='ocrx_word' id='word_1_216' title='bbox 799 2771 1094 2842; x_wconf 34' lang='lat' dir='ltr'><strong>moribus&amp;</strong></span> <span class='ocrx_word' id='word_1_217' title='bbox 1182 2769 1307 2830; x_wconf 91' lang='lat' dir='ltr'><strong>Soli</strong></span> <span class='ocrx_word' id='word_1_218' title='bbox 1358 2770 1541 2854; x_wconf 84' lang='lat' dir='ltr'><strong>igitur</strong></span> <span class='ocrx_word' id='word_1_219' title='bbox 1579 2772 1691 2830; x_wconf 91' lang='lat' dir='ltr'><strong>hoc</strong></span> <span class='ocrx_word' id='word_1_220' title='bbox 1729 2771 1887 2829; x_wconf 89' lang='lat' dir='ltr'><strong>conti</strong></span> <span class='ocrx_word' id='word_1_221' title='bbox 1972 2772 2018 2831; x_wconf 87' lang='lat' dir='ltr'><strong>it</strong></span> <span class='ocrx_word' id='word_1_222' title='bbox 2057 2793 2159 2831; x_wconf 86' lang='lat' dir='ltr'><strong>sa—</strong></span> 
     </span>
     <span class='ocr_line' id='line_1_32' title="bbox 591 2850 2156 2935; baseline 0 -23"><span class='ocrx_word' id='word_1_223' title='bbox 591 2852 809 2935; x_wconf 88' lang='lat' dir='ltr'><strong>pienti,</strong></span> <span class='ocrx_word' id='word_1_224' title='bbox 855 2868 922 2912; x_wconf 90' lang='lat' dir='ltr'><strong>ut</strong></span> <span class='ocrx_word' id='word_1_225' title='bbox 965 2850 1116 2911; x_wconf 90' lang='lat' dir='ltr'><strong>nihil</strong></span> <span class='ocrx_word' id='word_1_226' title='bbox 1175 2851 1350 2911; x_wconf 85' lang='lat' dir='ltr'><strong>faciat</strong></span> <span class='ocrx_word' id='word_1_227' title='bbox 1409 2851 1665 2925; x_wconf 83' lang='lat' dir='ltr'><strong>invituS,</strong></span> <span class='ocrx_word' id='word_1_228' title='bbox 1717 2850 1867 2912; x_wconf 91' lang='lat' dir='ltr'><strong>nihil</strong></span> <span class='ocrx_word' id='word_1_229' title='bbox 1960 2853 2156 2926; x_wconf 67' lang='lat' dir='ltr'><strong>olem,</strong></span> 
     </span>
     <span class='ocr_line' id='line_1_33' title="bbox 597 2930 2160 3014; baseline -0.001 -21"><span class='ocrx_word' id='word_1_230' title='bbox 597 2933 753 2994; x_wconf 89' lang='lat' dir='ltr'><strong>nihil</strong></span> <span class='ocrx_word' id='word_1_231' title='bbox 797 2948 1051 2994; x_wconf 79' lang='lat' dir='ltr'><strong>coactUS.</strong></span> <span class='ocrx_word' id='word_1_232' title='bbox 1147 2931 1328 3012; x_wconf 82' lang='lat' dir='ltr'><strong>Quod</strong></span> <span class='ocrx_word' id='word_1_233' title='bbox 1381 2931 1488 2991; x_wconf 87' lang='lat' dir='ltr'><strong>esti</strong></span> <span class='ocrx_word' id='word_1_234' title='bbox 1541 2930 1626 2990; x_wconf 87' lang='lat' dir='ltr'><strong>ita</strong></span> <span class='ocrx_word' id='word_1_235' title='bbox 1679 2952 1835 3006; x_wconf 89' lang='lat' dir='ltr'><strong>esse,</strong></span> <span class='ocrx_word' id='word_1_236' title='bbox 1876 2932 2160 3014; x_wconf 82' lang='lat' dir='ltr'><strong>&#39;pluribus</strong></span> 
     </span>
     <span class='ocr_line' id='line_1_34' title="bbox 595 3010 2158 3089; baseline -0.002 -14"><span class='ocrx_word' id='word_1_237' title='bbox 595 3013 792 3075; x_wconf 87' lang='lat' dir='ltr'><strong>verbis</strong></span> <span class='ocrx_word' id='word_1_238' title='bbox 837 3010 1236 3080; x_wconf 86' lang='lat' dir='ltr'><strong>disserendum</strong></span> <span class='ocrx_word' id='word_1_239' title='bbox 1276 3028 1385 3072; x_wconf 89' lang='lat' dir='ltr'><strong>est:</strong></span> <span class='ocrx_word' id='word_1_240' title='bbox 1429 3010 1582 3071; x_wconf 89' lang='lat' dir='ltr'><strong>illud</strong></span> <span class='ocrx_word' id='word_1_241' title='bbox 1628 3027 1921 3072; x_wconf 90' lang='lat' dir='ltr'><strong>tamen-et</strong></span> <span class='ocrx_word' id='word_1_242' title='bbox 1944 3013 2158 3089; x_wconf 81' lang='lat' dir='ltr'><strong>breve,</strong></span> 
     </span>
     <span class='ocr_line' id='line_1_35' title="bbox 596 3091 2161 3174; baseline -0.001 -20"><span class='ocrx_word' id='word_1_243' title='bbox 596 3112 656 3155; x_wconf 86' lang='lat' dir='ltr'><strong>et</strong></span> <span class='ocrx_word' id='word_1_244' title='bbox 699 3094 1098 3157; x_wconf 88' lang='lat' dir='ltr'><strong>confitendum</strong></span> <span class='ocrx_word' id='word_1_245' title='bbox 1143 3107 1228 3152; x_wconf 88' lang='lat' dir='ltr'><strong>est</strong></span> <span class='ocrx_word' id='word_1_246' title='bbox 1254 3137 1271 3166; x_wconf 85' lang='lat'>‚</span> <span class='ocrx_word' id='word_1_247' title='bbox 1327 3091 1439 3152; x_wconf 91' lang='lat' dir='ltr'><strong>nisi</strong></span> <span class='ocrx_word' id='word_1_248' title='bbox 1481 3095 1582 3174; x_wconf 90' lang='lat' dir='ltr'><strong>qui</strong></span> <span class='ocrx_word' id='word_1_249' title='bbox 1625 3092 1708 3158; x_wconf 87' lang='lat' dir='ltr'><strong>ita</strong></span> <span class='ocrx_word' id='word_1_250' title='bbox 1757 3093 1833 3153; x_wconf 89' lang='lat' dir='ltr'><strong>sit</strong></span> <span class='ocrx_word' id='word_1_251' title='bbox 1887 3092 2161 3169; x_wconf 77' lang='lat' dir='ltr'><strong>affectUS‚</strong></span> 
     </span>
     <span class='ocr_line' id='line_1_36' title="bbox 598 3171 2160 3265; baseline -0.001 -31"><span class='ocrx_word' id='word_1_252' title='bbox 598 3197 718 3236; x_wconf 89' lang='lat' dir='ltr'><strong>esse</strong></span> <span class='ocrx_word' id='word_1_253' title='bbox 742 3175 996 3235; x_wconf 86' lang='lat' dir='ltr'><strong>liberum</strong></span> <span class='ocrx_word' id='word_1_254' title='bbox 1041 3172 1353 3235; x_wconf 89' lang='lat' dir='ltr'><strong>neminem.</strong></span> <span class='ocrx_word' id='word_1_255' title='bbox 1409 3173 1601 3253; x_wconf 84' lang='lat' dir='ltr'><strong>Igitur</strong></span> <span class='ocrx_word' id='word_1_256' title='bbox 1634 3193 1835 3235; x_wconf 79' lang='lat' dir='ltr'><strong>omnes</strong></span> <span class='ocrx_word' id='word_1_257' title='bbox 1870 3171 2160 3265; x_wconf 64' lang='lat' dir='ltr'><strong>improbi,</strong></span> 
     </span>
    </p>

    <p class='ocr_par' dir='ltr' id='par_1_3' title="bbox 1985 3273 2161 3316">
     <span class='ocr_line' id='line_1_37' title="bbox 1985 3273 2161 3316; baseline -0.006 -4"><span class='ocrx_word' id='word_1_258' title='bbox 1985 3273 2161 3316; x_wconf 76' lang='lat' dir='ltr'><strong>servi.</strong></span> 
     </span>
    </p>
   </div>
   <div class='ocr_carea' id='block_1_3' title="bbox 653 3410 1104 3467">
    <p class='ocr_par' dir='ltr' id='par_1_4' title="bbox 653 3410 1104 3467">
     <span class='ocr_line' id='line_1_38' title="bbox 653 3410 1104 3467; baseline 0.009 -4"><span class='ocrx_word' id='word_1_259' title='bbox 653 3440 671 3463; x_wconf 78' lang='grc' dir='ltr'><strong>ι</strong></span> <span class='ocrx_word' id='word_1_260' title='bbox 696 3410 781 3465; x_wconf 63' lang='lat' dir='ltr'><strong>con.</strong></span> <span class='ocrx_word' id='word_1_261' title='bbox 810 3441 865 3464; x_wconf 88' lang='grc' dir='ltr'><strong>ιο.</strong></span> <span class='ocrx_word' id='word_1_262' title='bbox 889 3430 1104 3467; x_wconf 77' lang='lat' dir='ltr'><strong>referuntur.</strong></span> 
     </span>
    </p>
   </div>
  </div>
 </body>
</html>
