2392 4062
631 244 1025 341 cicEROle
1063 283 1492 340 PARADOXA.
1799 282 1874 357 47

207 486 214 491 ,
275 428 368 484 VI.
399 428 456 483 4.
501 425 746 502 »Opinio
781 427 1068 483 hominum
1113 426 1496 496 confirmatur,
1541 421 1748 478 etiamsi
1783 425 1876 478 in—

276 533 360 574 ter
385 532 570 571 causas
609 530 886 572 armorum
920 515 1376 590 aliquantum
1412 513 1655 584 intersit,
1693 527 1877 569 tamen

273 608 420 663 inter
443 604 692 659 victorias
729 624 865 660 non
901 603 1039 659 mul
1056 618 1197 657 tum
1232 601 1683 657 interfuturum?
1709 600 1874 656 Conf.

273 686 535 763 Heusing.
562 692 630 747 ad
659 691 772 747 Off.
800 693 846 747 Ι.
874 711 923 747 1.
954 692 1237 746 Rariorem
1275 691 1516 746 adverbii
1563 709 1723 744 usum
1760 702 1876 747 non

273 782 476 857 cepisse
497 780 713 836 videtur
730 781 1005 836 Librarius
1018 817 1037 851 ,
1065 778 1153 834 vel
1171 798 1271 855 per
1294 780 1676 857 compendium
1700 780 1877 854 scrip-

275 873 404 928 sisse
445 864 790 947 αῐὶᾳιιᾶιιαη.
822 870 969 925 unde
997 884 1180 925 ortum
1215 884 1295 925 est
1323 871 1382 925 in
1411 891 1522 926 uno
1534 870 1668 926 Cod.
1690 869 1878 926 Oxon.

275 960 619 1036 aliqua3tum
638 999 656 1032 ‚
694 963 755 1016 in
801 959 917 1017 aliis
952 960 1392 1036 aliquantulum.
1463 960 1531 1014 In
1573 962 1694 1030 joco
1730 957 1877 1016 tule-

275 1051 383 1105 rim
417 1050 871 1124 aliquantulzan3
910 1065 1156 1106 nostrum
1190 1069 1319 1105 vero
1337 1049 1656 1104 Paradoxon
1677 1048 1746 1102 ab
1769 1066 1877 1102 om-

276 1140 337 1194 ni
371 1141 493 1210 joco
508 1170 510 1173 ·
527 1138 824 1193 abhorrens
851 1176 870 1209 ‚
908 1159 993 1194 res
1030 1139 1342 1213 requirebat
1361 1175 1380 1208 ‚
1434 1156 1575 1211 quae
1614 1152 1741 1191 cum
1771 1155 1878 1190 na—

278 1241 436 1298 tura,
472 1246 599 1282 cum
634 1226 922 1282 hominum
952 1222 1154 1299 judicio
1191 1245 1357 1301 quam
1391 1224 1699 1296 longissime
1731 1224 1878 1278 inter

277 1335 336 1371 se
370 1315 654 1371 distarent.
735 1313 911 1370 Detur
957 1316 1254 1389 unicuique
1288 1328 1540 1371 nostrum
1574 1313 1724 1387 optio
1758 1313 1880 1367 auri

277 1422 475 1460 navem
508 1405 654 1459 inter
687 1416 744 1459 et
781 1403 1013 1478 paleae;
1068 1417 1192 1477 post
1241 1401 1441 1457 factam
1481 1401 1797 1457 electionem
1831 1403 1879 1456 si

210 1486 213 1490 Δ
277 1492 523 1563 dicatur,
560 1493 621 1546 in
656 1491 940 1566 utriusque
971 1493 1124 1546 navis
1168 1490 1444 1547 eversione
1478 1489 1627 1545 nihil·
1648 1491 1881 1544 interes·-

266 1599 370 1653 ·se;
408 1581 498 1636 cui
520 1580 626 1636 hoc
675 1599 791 1635 non
839 1580 1086 1636 videatur
1129 1582 1334 1636 mirum
1354 1579 1384 1634 ?
1468 1577 1609 1652 Quis
1661 1579 1881 1635 tandem

277 1670 415 1740 erit,
455 1669 553 1744 qui
587 1670 761 1742 ipsam
794 1669 1064 1726 Paradoxi
1110 1668 1350 1723 indolem
1405 1668 1671 1724 desideret
1711 1683 1878 1744 atque

280 1772 532 1812 naturam
552 1756 582 1811 ?
630 1759 991 1834 aliquantum
1027 1758 1192 1829 igitur
1247 1757 1538 1831 respondet
1600 1763 1674 1831 τῷ
1706 1759 1878 1817 nihil.

281 1845 446 1902 Conf.
483 1847 706 1903 omnino
739 1847 808 1904 de
841 1841 969 1902 Fin.
1004 1841 1100 1903 IV.
1139 1863 1228 1921 27.
1263 1847 1361 1900 ubi
1393 1847 1539 1902 idem
1569 1847 1879 1921 exemplum

280 1936 548 2007 occurrit,
593 1937 653 1991 in
672 1939 828 2008 cujus
866 1951 1110 1992 extremo
1149 1936 1255 1990 hoc
1288 1934 1535 2007 legimus.
1608 1934 1719 1991 »Et
1749 1936 1878 1992 siin

279 2026 398 2100 ipsa
431 2025 821 2097 gubernatione
854 2025 1311 2098 negligentia
1358 2039 1439 2080 est
1475 2024 1627 2079 navis
1663 2044 1880 2096 eversa,

280 2116 504 2184 majus
552 2128 634 2169 est
668 2129 950 2189 peccatum
986 2116 1047 2169 in
1103 2134 1268 2185 auro,
1312 2134 1495 2189 squam
1544 2115 1604 2169 in
1661 2113 1876 2189 palea.''

282 2199 399 2275 Qui
430 2200 614 2273 locus,
654 2222 765 2258 una
790 2210 926 2258 'cum
955 2203 1094 2259 Cod.
1131 2203 1284 2258 Leid.
1308 2217 1362 2257 et
1384 2202 1491 2258 Ed.
1515 2204 1714 2260 Princ:
1725 2205 1876 2276 facit,

279 2303 348 2345 ut
387 2291 739 2346 assentiamur
774 2288 1101 2347 Gernhardo
1122 2331 1140 2362 ‚
1189 2292 1284 2366 qui
1319 2312 1420 2366 pro
1440 2295 1737 2350 inscientia
1771 2294 1875 2348 de·-

283 2377 366 2432 dit
402 2379 672 2450 inscitia,
693 2393 757 2435 ut
792 2381 898 2437 sit:
949 2381 1189 2436 defectus
1227 2396 1281 2435 et
1318 2382 1570 2436 scientiae
1609 2397 1663 2437 et
1699 2383 1876 2437 facul—

286 2466 441 2537 tatis,
484 2466 570 2522 vel
599 2468 867 2543 imperitia
899 2484 1027 2532 cum
1071 2471 1390 2526 temeritate.
1463 2470 1587 2527 Vid.
1613 2471 1875 2544 Ejusdem

227 2628 231 2631 .
283 2553 558 2611 Excursus
595 2557 665 2611 ad
698 2557 898 2612 calcem
942 2557 1239 2614 Senectutis
1271 2574 1326 2614 et
1360 2560 1487 2616 Par.

309 2695 312 2698 .
355 2643 558 2718 Lapsa
593 2657 679 2702 est
719 2646 903 2702 libido
931 2678 970 2688 -
991 2648 1174 2703 nobili
1208 2650 1477 2724 virgine]
1515 2650 1622 2707 Pro
1659 2652 1715 2706 si
1752 2653 1880 2726 lap-

285 2752 355 2787 sa
394 2743 495 2789 est.
559 2751 698 2809 quae
747 2735 1007 2809 particula
1070 2738 1371 2811 saepissime
1407 2741 1709 2813 omittitur3
1761 2742 1875 2796 vid.

286 2820 458 2883 Drak.
492 2823 561 2878 ad
594 2825 715 2879 Liv.
755 2825 923 2880 XXI.
959 2845 1043 2881 10.
1074 2826 1206 2881 Mox
1231 2827 1394 2899 hujus
1414 2829 1538 2885 Par.
1562 2851 1681 2904 cap.
1709 2848 1759 2886 2.
1785 2832 1880 2886 Ζα-

288 2910 414 2967 bem
433 2913 715 2970 libidinis.
739 2914 937 2969 Mulier
966 2917 1162 2991 ignota
1193 2917 1232 2970 i.
1263 2936 1310 2970 e.
1345 2917 1614 2987 obscura,
1654 2915 1876 2990 infima.

289 2999 451 3056 Conf.
488 2992 595 3074 pro⁴
626 3002 798 3058 Milon
837 3017 889 3077 7.
928 3003 1081 3058 Verr.
1106 3005 1204 3059 111.
1248 3005 1334 3059 24.
1393 3007 1585 3062 Dolor
1617 3006 1699 3060 ad
1725 3027 1883 3081 pau-

288 3089 468 3144 ciores
494 3092 756 3162 pertinet.
790 3088 952 3148 Auct.
979 3093 1047 3147 ad
1084 3093 1213 3148 Her.
1235 3093 1329 3149 IV.
1360 3096 1442 3150 16.
1482 3096 1605 3150 »Ad
1638 3117 1772 3171 quos
1796 3099 1885 3153 vi·-

290 3177 384 3230 det
436 3179 518 3231 sui
572 3177 845 3235 dedecoris
892 3182 1172 3236 infamiam
1225 3173 1555 3257 pertinere.''
1600 3188 1881 3244 Petulans

288 3263 577 3336 Eleganter
599 3268 667 3323 de
694 3268 944 3325 Libidine
960 3310 979 3340 ,
1018 3286 1079 3327 ut
1102 3286 1158 3326 et
1194 3273 1361 3327 subst.
1370 3274 1717 3346 petulantia.
1753 3277 1878 3332 Act.

270 3352 337 3408 -L
386 3355 446 3409 in
495 3354 648 3412 Verr.
702 3358 754 3412 5.
807 3356 1059 3434 »Quibus
1105 3360 1304 3416 liberos
1352 3365 1714 3439 conjugesque
1762 3386 1882 3420 suas

1797 3476 1890 3509 111-
