2436 4062
835 208 1358 293 PARADOXA.
1543 201 1557 205 ”
1856 247 1893 307 9

316 370 586 464 aequalia
626 379 746 458 sint
792 393 1046 462 oportet.
1132 376 1312 461 Quod
1354 379 1403 438 si
1446 376 1694 440 virtutes
1726 375 1894 459 pares

316 477 454 542 sunt
499 460 655 539 inter
696 482 787 522 se:
842 460 1009 543 paria
1060 480 1180 520 esse
1244 457 1421 522 etiam
1466 456 1612 520 vitia
1663 478 1895 521 necesse

314 558 426 605 est.
509 540 706 625 Atqui
740 563 909 624 pares
940 561 1060 601 esse
1093 540 1339 600 virtutes
1359 585 1377 616 ‚
1421 562 1530 601 nec
1570 538 1733 599 bono
1764 537 1894 599 viro

255 675 257 678 .
314 621 624 685 meliorem
643 666 662 697 ,
741 644 851 684 nec
922 636 1284 702 temperante
1348 617 1900 703 temperantiorem,

317 724 430 766 nec
470 702 612 764 forti
650 704 983 776 fortiorem,
1037 723 1149 762 nec
1184 699 1448 783 sapiente
1481 699 1900 783 sapientiorem

316 805 488 869 posse
516 784 660 845 'fieri
685 830 702 859 ‚
746 784 1025 846 facillime
1068 798 1268 864 potest
1306 782 1580 866 perspici.
1664 784 1772 842 An
1799 781 1903 840 vi—

318 888 455 929 rum
492 866 724 927 bonum
767 866 961 941 dices,
1009 863 1112 948 qui
1152 862 1488 947 depositum
1515 863 1685 924 nullo
1719 878 1900 938 teste,

321 969 461 1010 cum
504 946 722 1009 lucrari
761 947 1002 1029 impune
1045 962 1242 1027 posset
1281 945 1412 1005 auri
1432 946 1637 1028 pondo
1667 943 1904 1017 decem,

323 1027 687 1107 reddiderit,
727 1028 777 1089 si
825 1028 985 1087 idem
1030 1027 1095 1087 in
1135 1024 1340 1087 decem
1391 1026 1659 1088 millibus
1699 1023 1904 1110 pondo

324 1130 449 1170 non
486 1109 645 1171 idem
685 1108 930 1170 fecerit?
969 1123 1073 1168 aut
1115 1123 1541 1190 temperantem
1579 1129 1745 1183 eum,
1803 1104 1907 1188 qui

325 1211 387 1251 se
442 1190 507 1251 in
559 1191 759 1272 aliqua
811 1187 1066 1249 libidine
1119 1187 1521 1264 continuerit5
1591 1187 1658 1247 in
1710 1187 1912 1269 aliqua

327 1270 646 1341 effuderit?
728 1271 868 1331 Una
921 1269 1112 1331 virtus
1176 1287 1266 1331 est
1331 1269 1702 1332 consentiens
1770 1289 1909 1329 cum

327 1347 556 1414 ratione
594 1355 654 1412 et
695 1369 982 1435 perpetua
1029 1352 1379 1432 constantia.
1436 1350 1613 1412 Nihil
1642 1350 1783 1411 huic
1816 1347 1914 1409 ad-

329 1431 390 1493 di
439 1447 687 1515 potest„
731 1455 851 1516 quo
908 1430 1094 1515 magis
1143 1433 1335 1494 virtus
1377 1432 1480 1494 sit:
1524 1433 1676 1492 nihil
1718 1431 1914 1504 demi,

328 1517 398 1574 t'tt
437 1513 675 1577 virtutis
727 1534 948 1579 nomen
977 1512 1366 1597 relinquatur,
1450 1514 1692 1588 Etenim
1722 1515 1771 1574 si
1796 1514 1914 1590 be—

257 1652 260 1658 .
328 1617 406 1656 ne
449 1594 638 1669 facta,
677 1611 836 1656 recte
882 1595 1039 1656 facta
1081 1612 1251 1673 sunt,
1297 1612 1356 1656 et
1399 1595 1552 1672 nihil
1590 1611 1754 1662 recto
1780 1615 1918 1655 rec-

329 1675 476 1738 tius:
525 1692 683 1736 certe
726 1698 800 1736 ne
837 1678 1000 1738 bono
1043 1676 1285 1758 quidem
1324 1679 1537 1738 melius
1590 1676 1915 1761 quidquam

310 1755 586 1842 ‚inveniri
630 1773 847 1841 potest.
928 1756 1210 1841 Sequitur
1246 1759 1461 1841 igitur,
1502 1775 1573 1819 ut
1613 1757 1791 1819 etiam
1818 1756 1917 1819 vi-

270 1917 273 1919 >
331 1838 419 1900 tia
475 1837 594 1900 sint
623 1902 628 1905 ‚
654 1839 854 1922 paria:
938 1839 988 1901 si
1048 1838 1289 1924 quidem
1353 1838 1674 1923 pravitates
1735 1838 1945 1899 animi·

332 1935 491 1981 recte
546 1919 697 1981 vitia
753 1920 1052 1982 dicuntur.
1161 1921 1360 2006 Atqui
1417 1921 1698 2006 quoniam
1742 1941 1924 2003 pares

334 2001 583 2062 virtutes
638 2018 806 2063 sunt:
863 2017 1022 2062 recte
1073 2002 1260 2081 facta,
1317 2004 1556 2086 quando
1593 2025 1629 2062 a
1667 2001 1921 2062 virtuti-

335 2082 447 2148 bus
486 2084 976 2164 proficiscuntur,
1028 2084 1196 2165 paria
1225 2106 1375 2177 ⁴esse
1436 2085 1682 2145 debent:
1744 2083 1924 2142 item-

336 2182 453 2246 que
478 2180 719 2247 peccata
735 2209 751 2239 ,
790 2164 1072 2247 quoniam
1087 2186 1157 2226 ex
1181 2165 1342 2227 vitiis
1368 2166 1641 2243 manant,
1670 2165 1791 2226 sint
1816 2186 1926 2224 ae·-

338 2244 540 2328 ‘qualia
573 2266 806 2306 necesse
854 2259 960 2304 est.

419 2325 507 2398 IL
563 2328 627 2387 A
678 2324 1088 2411 philosophis,
1136 2304 1154 2366 ἕ
1207 2327 1404 2409 inquit
1430 2365 1483 2403 ,1
1531 2327 1643 2389 ista
1722 2326 1926 2388 sumis.

339 2407 723 2482 Metuebam3
779 2431 852 2471 ne
911 2431 946 2468 a
998 2408 1315 2470 lenonibus
1372 2407 1616 2472 diceres,
1714 2407 1928 2470 Socra-

341 2503 428 2549 tes
473 2487 812 2569 disputabat
859 2490 974 2550 isto
1029 2492 1231 2552 modo.
1337 2489 1506 2552 Bene
1546 2491 1746 2551 hercle
1786 2514 1929 2551 nar-

341 2591 456 2629 ras,
540 2569 698 2630 Nam
742 2570 921 2632 istum
962 2569 1207 2633 doctum
1262 2588 1320 2642 et
1365 2574 1689 2656 sapientem
1726 2573 1927 2634 *virum

230 2735 248 2747 ·
339 2649 573 2729 fuisse2¹
610 2652 928 2713 memoriae
983 2653 1267 2714 traditum
1332 2671 1440 2715 est.
1553 2653 1670 2714 Sed
1731 2669 1928 2714 tamen

344 2753 563 2814 quaero
605 2754 674 2792 ex
717 2750 772 2794 te
819 2734 1089 2816 (quando
1130 2735 1324 2796 verbis
1356 2736 1512 2797 inter
1543 2757 1650 2796 nos
1679 2753 1930 2797 conten-

344 2813 572 2889 dimus,
603 2835 734 2874 non
777 2815 1021 2899 pugnis)
1065 2831 1273 2895 utrumv
1309 2817 1382 2878 de
1419 2817 1592 2877 honis
1632 2835 1718 2878 est
1748 2840 1934 2900 quac-

343 2894 633 2972 rendum,
681 2896 827 2980 quid
869 2898 1305 2982 bajuli,‘atque
1340 2899 1632 2982 operarii,
1671 2922 1750 2959 mn
1786 2899 1934 2981 quid

343 2974 612 3036 homines
660 2978 984 3039 doctissimi
1030 2978 1352 3042 senserint?
1412 2981 1755 3063 praesertim
1796 2979 1934 3039 cuni

347 3055 458 3118 hac
507 3061 797 3122 sententia
837 3081 961 3120 non
1006 3060 1183 3121 modo
1214 3062 1442 3140 verior,
1491 3060 1595 3123 scd
1624 3083 1697 3123 ne
1726 3061 1934 3124 utilior

1797 3141 1937 3225 qui-

399 3314 415 3338 1
444 3306 534 3348 (οῦς
561 3315 619 3340 ιο.
644 3303 713 3338 Ed.
738 3304 871 3339 Princ:
915 3305 1044 3350 inquit.

1071 3370 1212 3430 A5
