2436 4062
835 321 1358 386 PARADOXA.
1404 332 1406 335 ’
1842 322 1884 382 3

311 471 623 534 hominum
661 470 1190 556 disputationibus,
1232 472 1367 534 ’non
1415 493 1484 533 ex
1539 490 1672 532 meo
1713 490 1887 531 sensu

313 555 627 637 depromta
663 557 809 615 haec
846 555 1116 616 videatur
1153 555 1375 615 oratio:
1421 555 1609 615 dicam
1655 568 1887 625 tamen,

313 635 476 720 quod
515 635 740 707 senti03
785 651 844 695 et
887 637 1078 696 dicam
1117 636 1388 709 breviuS,
1429 656 1607 718 quam
1631 654 1720 694 res
1754 648 1889 692 tan-

314 732 377 777 ta
416 715 534 778 dici
576 717 786 799 poscit.
879 717 1203 799 Nunquam
1251 716 1585 777 mehercule
1627 735 1736 794 ego
1780 735 1898 774 ne·-

314 819 431 881 que
474 799 752 880 pecunias
788 795 1033 857 istorum
1061 841 1078 870 ,
1133 819 1323 879 neque
1356 814 1510 858 tecta
1541 795 1890 879 magnifica,

315 900 507 960 neque
546 899 712 960 opes,
758 899 948 960 neque
981 878 1264 960 imperia,
1321 899 1510 961 neque
1564 898 1657 936 eas
1685 919 1702 949 ,
1755 875 1896 958 qui-

314 962 427 1021 bus
477 960 725 1019 maxime
765 957 1024 1019 adstricti
1067 975 1237 1035 sunt,
1285 959 1623 1040 voluptates
1666 956 1729 1016 in
1766 960 1891 1018 bo-

317 1042 410 1102 nis
452 1042 626 1101 rebu's
682 1055 785 1100 aut
837 1038 1176 1122 expetendis
1232 1060 1352 1100 esse
1398 1038 1567 1099 duxi:
1609 1043 1624 1067 ¹
1670 1039 1894 1121 quippe

319 1143 456 1184 cum
495 1122 787 1192 viderem,
827 1121 1004 1179 rebus
1040 1121 1133 1180 his
1185 1118 1760 1194 circumfluentibus,
1828 1140 1898 1179 ea

320 1219 516 1263 tamen
553 1200 879 1261 desiderare
922 1202 1171 1260 maxime
1189 1245 1206 1274 ,
1249 1200 1464 1284 quibus
1507 1200 1895 1260 abundarent.

321 1283 533 1366 Neque
575 1282 732 1342 enim
786 1281 1056 1362 expletur
1126 1301 1420 1365 unquam,
1490 1301 1602 1340 nec
1649 1279 1897 1341 satiatur

321 1362 661 1445 cupiditatis
700 1361 855 1422 sitis:
894 1384 1083 1445 neque
1127 1364 1353 1436 solum,
1402 1384 1471 1422 ea
1512 1360 1614 1444 qui
1642 1361 1899 1436 habent,

321 1445 566 1506 libidine
609 1440 862 1526 augendi
918 1443 1285 1517 cruciantur,
1341 1441 1447 1503 sed
1500 1442 1678 1502 etiam
1721 1442 1903 1503 amit·-

322 1526 497 1595 tendi
543 1541 725 1584 metu.
823 1526 895 1584 In
952 1544 1071 1607 quo
1129 1524 1403 1608 equidem
1459 1523 1904 1585 continentissi-

322 1627 557 1667 morum
594 1601 942 1679 hominum,
988 1606 1290 1688 ,majorum
1315 1621 1685 1678 nostrorum,
1728 1625 1904 1687 saepe

324 1690 561 1771 requiro
617 1688 1042 1768 prudentiam,⁴
1096 1688 1202 1770 qui
1279 1687 1420 1747 haec
1494 1685 1795 1746 imbecilla
1845 1701 1906 1746 et

324 1765 767 1831 commutabilia
807 1769 1089 1848 pecuniae
1132 1769 1427 1842 membra,
1487 1767 1671 1829 verbo
1730 1782 1908 1828 BONA

325 1866 687 1933 putaverunt
735 1849 1129 1930 appellanda,
1171 1872 1307 1911 cum
1345 1870 1407 1908 re
1445 1870 1515 1911 ac
1535 1847 1703 1910 factis
1728 1848 1909 1929 longe

326 1931 499 1992 aliter
538 1931 975 2012 judicavissent.
1057 1931 1337 1993 Potestne
1377 1931 1603 1990 bonum
1632 1930 1910 2011 cuiquam

327 2012 488 2090 malo
534 2015 697 2071 esse?
794 2013 929 2072 Aut
981 2027 1178 2093 potest
1242 2012 1556 2094 quisquam
1610 2010 1674 2070 in
1718 2015 1912 2072 abun-

330 2091 534 2152 dantia
571 2092 866 2153 bonorum
915 2093 1039 2178 ipse
1083 2113 1203 2153 esse
1239 2114 1361 2153 non
1399 2094 1630 2152 bonus?
1713 2092 1912 2176 Atqui

329 2176 444 2234 ista
489 2172 718 2247 omnia,
778 2172 922 2234 talia
963 2172 1266 2248 videmus,
1319 2189 1387 2232 ut
1433 2172 1611 2233 etiam
1651 2173 1912 2255 improbi

330 2254 621 2336 habeant„
665 2269 724 2315 et
777 2255 975 2314 obsint
1018 2252 1242 2335 probis.
1287 2303 1293 2310 .
1327 2253 1733 2337 Quamobrem
1772 2256 1916 2316 licet

331 2334 612 2410 irrideat,
674 2334 723 2396 si
778 2335 910 2417 quis
973 2336 1134 2396 vult:
1186 2334 1321 2417 plus
1369 2333 1530 2417 apud
1576 2357 1670 2397 me
1715 2352 1914 2396 tamen

333 2438 474 2478 vera
519 2415 672 2477 ratio
712 2417 967 2491 valebit,
1009 2439 1187 2500 quam
1213 2417 1377 2498 vulgi
1408 2415 1632 2503 opinio·
1701 2417 1919 2500 Neque

335 2518 445 2578 ego
504 2519 766 2581 unquam
825 2499 984 2558 bona
1034 2497 1357 2578 perdidisse
1411 2498 1638 2573 dicam,
1705 2499 1755 2560 si
1815 2499 1919 2582 qui

335 2601 550 2661 pecuS,
596 2595 697 2638 aut
735 2579 1165 2662 supellectilem
1214 2579 1504 2642 amiserit:
1564 2602 1756 2663 neque
1797 2603 1922 2642 non

335 2681 509 2754 saepe
550 2660 808 2721 laudabo
851 2659 1172 2741 sapientem
1222 2660 1428 2735 illum,
1485 2658 1796 2736 Biantem,
1851 2678 1923 2723 ut

339 2762 591 2823 opinor,
637 2741 741 2822 qui
783 2757 1128 2801 numeratur
1168 2741 1229 2800 in
1274 2759 1528 2823 septem:
1580 2742 1748 2823 cujus
1786 2746 1924 2804 cum

338 2823 594 2903 patriam
636 2823 890 2884 Prienen
933 2823 1181 2903 cepisset
1239 2822 1458 2896 hostiS,
1507 2825 1804 2907 ceterique
1840 2823 1927 2885 ita

340 2904 613 2989 fugerent
635 2949 653 2979 ,
708 2919 778 2963 ut
818 2902 1008 2963 multa
1052 2902 1126 2963 de
1182 2905 1300 2963 suis
1349 2905 1530 2965 rebus
1583 2901 1782 2965 secum
1824 2926 1930 2965 as·-

341 3001 684 3066 portarent‚
733 3006 870 3045 cum
915 3000 1066 3045 esset
1103 2981 1440 3045 admonitus
1469 3008 1502 3044 a
1531 2986 1819 3066 quodam,
1859 3000 1930 3045 ut

343 3064 505 3126 idem
540 3066 665 3147 ipse
709 3065 956 3126 faceret:
1010 3066 1148 3143 Ego
1176 3090 1179 3093 ’
1208 3086 1391 3139 ver0,
1449 3065 1512 3125 in
1556 3065 1676 3138 uit,
1709 3065 1932 3144 facin,

344 3166 488 3205 nam
530 3148 734 3206 omnia
771 3165 908 3207 mea
941 3157 1127 3225 porto
1169 3166 1426 3205 mecum.
1509 3146 1626 3207 Ile
1658 3147 1802 3210 haec
1836 3146 1940 3205 lu·-

1837 3225 1940 3288 di-

401 3351 420 3378 ι
446 3343 532 3377 cml.
562 3352 603 3374 ιο
643 3342 807 3378 homine»
835 3365 878 3374 -
898 3342 1201 3378 circumfluentes.

449 3391 516 3426 Ed.
544 3391 676 3425 Ptine.
705 3391 831 3435 quippo
851 3401 933 3425 cum
958 3392 1138 3426 videretur
1232 3391 1559 3428 circumfluentibus

1078 3439 1223 3499 Aa
