2392 4062
537 261 608 321 50
923 249 1017 310 AN
1026 252 1615 310 IMADVERSIONES
1650 254 1727 308 IN

538 399 783 455 »Bonum
802 394 1011 468 appello
1031 432 1050 464 ,
1100 392 1365 466 quidquid
1398 393 1692 448 secundum
1711 407 1960 448 naturam
1993 406 2072 448 est
2093 410 2110 448 t

537 487 683 559 quod
719 497 936 551 contra,
982 478 1204 535 malum.
1277 479 1391 534 Nec
1431 499 1528 550 ego
1566 479 1741 536 solus:
1780 483 1872 536 sed
1911 497 1972 536 tu
2007 483 2114 535 eti—
2144 533 2146 535 ,

535 594 653 642 am,
705 570 1003 644 Chrysippe
1062 569 1136 621 in
1188 568 1217 620 f
1227 587 1378 638 oro,
1433 568 1613 622 domi:
1650 570 1710 622 in
1748 569 1926 625 schola
1969 570 2148 629 desi--r

533 657 663 713 nis''
709 659 846 729 ibiq.
887 654 1055 709 Goer.
1116 655 1198 708 De
1233 654 1357 709 Fin.
1409 655 1509 709 III.
1551 672 1604 709 2.
1663 656 1802 712 »Ars
1844 673 1923 712 est
1969 657 2115 711 euim

536 745 872 821 philosophia
897 743 1067 798 vitae:
1107 743 1175 797 de
1212 763 1319 817 qua
1347 742 1617 800 ,disserens
1637 745 1871 818 arripere
1904 748 2116 800 verba

532 836 617 889 de
657 833 808 888 foro
850 850 962 886 non
1000 832 1236 903 potest.''
1258 831 1332 885 cf.
1372 843 1553 903 supra.
1598 846 1866 886 »tractare
1912 831 2118 901 abhor-

534 937 713 976 rentes
734 921 804 974 ab
828 952 867 960 -
892 919 1170 992 publi00.'’
1205 915 1270 973 id
1303 929 1404 974 est.
1437 938 1549 972 non
1568 938 1777 992 semper
1808 919 2117 990 glossemata

534 1011 804 1079 indicare,
849 1009 1082 1063 docuere
1117 1005 1342 1061 Ruhnk.
1376 1005 1602 1080 adaVell.
1625 1004 1701 1062 Π.
1749 1006 1835 1062 25.
1859 1021 1915 1062 et
1943 1005 2115 1064 Goer.

533 1098 703 1152 Acad.
742 1097 788 1151 Ι.
830 1114 883 1150 2.
919 1097 986 1150 de
1019 1095 1143 1149 Fin.
1180 1095 1253 1149 II.
1301 1111 1352 1148 2.

606 1186 915 1259 Popularia
935 1186 1163 1256 cratim]
1221 1185 1261 1237 i.
1298 1203 1349 1237 e.
1382 1183 1450 1237 ad
1479 1181 1887 1255 intelligentiam
1906 1168 2120 1259 populi.
2171 1203 2174 1206 ’

535 1274 682 1329 conf.
712 1274 781 1327 de
818 1272 976 1327 Orat.
1011 1272 1084 1326 II.
1112 1263 1203 1326 38.
2146 1331 2158 1339 ¹

613 1363 782 1433 Quod
815 1362 959 1416 mihi
989 1362 1167 1416 ista-
1189 1361 1532 1432 verissima]
1566 1360 1638 1414 cf.
1665 1359 1878 1416 Manut.
1900 1354 1970 1414 ad
1987 1322 2048 1414 h.
2071 1357 2116 1415 I.
2149 1411 2157 1424 ,⁵

532 1449 700 1509 Acad.
740 1449 814 1503 ΙΙ.
848 1447 939 1502 44.
984 1462 1086 1522 pro
1129 1446 1295 1503 Balbo
1352 1467 1402 1501 1.
1445 1462 1544 1502 »ut
1589 1448 1724 1502 mihi
1770 1449 1882 1519 jain
1927 1467 2119 1503 verum

534 1538 778 1591 videatur
815 1535 951 1591 illud
981 1555 1092 1591 esse
1128 1554 1169 1587 -ε
1197 1554 1364 1608 quam
1384 1527 1635 1589 facillime
1656 1534 2119 1597 tractare.'⁷‚Mul·-

531 1640 587 1679 ta
619 1623 922 1679 Stoicorum
950 1623 1238 1696 paradoxa,
1254 1635 1533 1678 enumerat
1582 1623 1651 1677 ad
1698 1624 1867 1678 risum
1884 1646 1889 1657 ·
1906 1642 2118 1679 moven-

529 1713 692 1784 dum,
745 1712 1071 1785 Catonisque
1119 1711 1492 1768 auctoritatem
1524 1710 1960 1781 detractandam3
2027 1711 2118 1763 At-

530 1802 627 1874 qui
669 1801 850 1874 »apud
903 1800 1180 1873 imperitos
1251 1812 1370 1852 tum
1407 1797 1498 1852 illa
1539 1798 1679 1853 dicta
1714 1812 1874 1870 sunt,
1914 1791 2120 1873 aliquid

533 1890 694 1943 etiam
724 1903 953 1942 coronae
991 1887 1219 1941 datum’'
1249 1886 1316 1941 de
1348 1885 1473 1941 Fin.
1511 1885 1608 1940 IV.
1651 1903 1739 1959 27.

599 1978 895 2050 Majoram
925 1975 1263 2049 vigiliarum
1292 1992 1496 2028 munuc
1537 1976 1599 2028 in
1637 1983 1733 2029 tuo
1769 1973 1995 2028 nomine
2015 1992 2118 2047 αρε·

520 2065 821 2137 paruit-J'
805 2085 845 2117 1.
874 2081 924 2116 e.
963 2061 1270 2133 longiorum
1303 2076 1357 2116 et
1395 2061 1640 2135 plurium
1680 2060 2118 2116 lucubrationum

531 2172 666 2235 opus
702 2151 788 2206 vel
822 2149 1052 2205 libellus.
1132 2147 1220 2204 Sic
1263 2149 1462 2223 Aquila
1502 2150 1664 2204 Rom.
1711 2148 1771 2203 in
1818 2149 2115 2231 prooemio.
2172 2215 2174 2218 .

528 2240 793 2312 »ideoque
811 2253 994 2312 postea
1011 2235 1236 2310 plenum
1253 2237 1357 2290 hoc
1375 2237 1474 2290 tibi
1503 2246 1746 2290 munus
1771 2236 2076 2290 reddemus.
2076 2236 2116 2265 '¹

524 2327 605 2380 cf.
653 2325 810 2380 Face.
856 2326 917 2379 in
966 2344 1022 2378 v.
1071 2323 1327 2393 Intelligit
1362 2323 1501 2379 forte
1528 2322 1692 2379 libros
1736 2322 1804 2378 de
1854 2323 1900 2376 F
1901 2325 2118 2395 wihus,

465 2407 477 2419 “
528 2414 645 2469 vid.
676 2414 809 2467 ibid.
843 2412 943 2467 ΙΙΙ.
973 2429 1025 2465 2.
1059 2412 1309 2485 »deipsis
1333 2421 1514 2467 autem
1537 2412 1701 2482 rebus
1721 2442 1761 2452 -
1782 2411 2117 2467 existimato·-

525 2521 649 2556 .1·em
677 2515 730 2555 et
763 2500 1060 2571 judicem.⁷'

601 2588 1006 2663 Degustabiss]
1042 2589 1082 2641 i.
1119 2606 1169 2641 e.
1206 2587 1397 2643 leviter
1416 2589 1675 2658 attingeS,
1706 2587 1987 2662 percipies.
2025 2583 2115 2639 Sic

531 2676 759 2751 simplex
805 2688 1044 2751 gustare
1084 2676 1153 2730 de'
1197 2674 1352 2730 Orat.
1408 2676 1482 2730 II.
1527 2676 1658 2730 56.”
1749 2675 1940 2748 Itaque
1971 2673 2111 2744 feci,

531 2764 753 2836 Catule,
785 2779 842 2819 et
897 2766 1125 2821 istorum
1169 2764 1416 2818 omnium
1471 2764 1779 2818 summatim
1824 2781 2029 2817 caussas
2057 2767 2112 2815 et
2160 2820 2163 2821 γ

532 2873 725 2925 genera
767 2854 882 2927 ipsa
928 2853 1243 2925 gustavi”
1289 2851 1424 2907 ibid.
1471 2851 1561 2924 57.
1633 2847 1812 2924 Nepos
1857 2849 1978 2904 Att.
2021 2847 2108 2905 18.

532 2943 743 3012 »att-igit
777 2959 996 3015 quoque
1036 2940 1353 2997 Poeticen.'’

611 3032 773 3101 Quae
810 3030 1074 3085 dicuntur
1107 3032 1169 3084 in
1202 3030 1402 3086 scholis
1438 3029 1655 3100 θετικαέ.]
1692 3027 1766 3081 cf.
1804 3026 2017 3081 Manut.
2040 3025 2111 3082 ad.
2185 3022 2189 3024 ’

530 3117 591 3173 h.
630 3117 670 3171 l.
710 3116 911 3172 Orator
947 3118 1031 3173 14.
1116 3119 1296 3174 »Haec
1339 3120 1503 3190 igitur
1540 3117 1781 3190 quaestio
1813 3136 1844 3169 a
1875 3116 2122 3189 prOPriis-
2140 3153 2149 3164 1.
2200 3145 2236 3191 '-

531 3207 771 3280 personis
817 3221 871 3260 et
908 3207 1239 3281 temporibus
1278 3206 1346 3263 ad
1387 3206 1621 3260 universi
1673 3205 1877 3274 generis
1924 3203 2108 3259 orati&
2192 3226 2199 3241 ¹

528 3286 657 3347 ‘nem
700 3294 972 3363 traducta,
1005 3311 1199 3364 ‘graece
1239 3294 1536 3367 appellatur
1569 3294 1759 3357 θέσις.”

2032 3332 2123 3432 In⁴
