<?xml version="1.0" encoding="UTF-8"?>
<!DOCTYPE html PUBLIC "-//W3C//DTD XHTML 1.0 Transitional//EN"
    "http://www.w3.org/TR/xhtml1/DTD/xhtml1-transitional.dtd">
<html xmlns="http://www.w3.org/1999/xhtml" xml:lang="en" lang="en">
 <head>
  <title>
</title>
<meta http-equiv="Content-Type" content="text/html;charset=utf-8" />
  <meta name='ocr-system' content='tesseract 3.04.00' />
  <meta name='ocr-capabilities' content='ocr_page ocr_carea ocr_par ocr_line ocrx_word'/>
</head>
<body>
  <div class='ocr_page' id='page_1' title='image "./paradoxaparadoxa00ciceuoft_0024.png"; bbox 0 0 2436 4062; ppageno 0'>
   <div class='ocr_carea' id='block_1_1' title="bbox 634 229 1869 294">
    <p class='ocr_par' dir='ltr' id='par_1_1' title="bbox 634 229 1869 294">
     <span class='ocr_line' id='line_1_1' title="bbox 634 229 1869 294; baseline 0.005 -6"><span class='ocrx_word' id='word_1_1' title='bbox 634 248 705 289; x_wconf 91' lang='lat'><strong>10</strong></span> <span class='ocrx_word' id='word_1_2' title='bbox 943 229 1039 290; x_wconf 90' lang='lat' dir='ltr'><strong>M.</strong></span> <span class='ocrx_word' id='word_1_3' title='bbox 1075 229 1371 290; x_wconf 89' lang='lat' dir='ltr'><strong>TULLII</strong></span> <span class='ocrx_word' id='word_1_4' title='bbox 1414 229 1869 294; x_wconf 87' lang='lat' dir='ltr'>CICERONIS</span> 
     </span>
    </p>
   </div>
   <div class='ocr_carea' id='block_1_2' title="bbox 598 376 2263 3115">
    <p class='ocr_par' dir='ltr' id='par_1_2' title="bbox 598 376 2263 3115">
     <span class='ocr_line' id='line_1_2' title="bbox 628 376 2192 462; baseline 0.004 -26"><span class='ocrx_word' id='word_1_5' title='bbox 628 376 866 458; x_wconf 86' lang='lat' dir='ltr'><strong>quidem</strong></span> <span class='ocrx_word' id='word_1_6' title='bbox 919 378 1229 438; x_wconf 84' lang='lat' dir='ltr'><strong>hominum</strong></span> <span class='ocrx_word' id='word_1_7' title='bbox 1284 378 1458 437; x_wconf 78' lang='lat' dir='ltr'><strong>vitae.</strong></span> <span class='ocrx_word' id='word_1_8' title='bbox 1507 380 1748 460; x_wconf 87' lang='lat' dir='ltr'><strong>reperiri</strong></span> <span class='ocrx_word' id='word_1_9' title='bbox 1814 380 1937 442; x_wconf 85' lang='lat' dir='ltr'><strong>ulla</strong></span> <span class='ocrx_word' id='word_1_10' title='bbox 1988 382 2192 462; x_wconf 80' lang='lat' dir='ltr'><strong>possit.</strong></span> 
     </span>
     <span class='ocr_line' id='line_1_3' title="bbox 627 458 2195 541; baseline 0.003 -23"><span class='ocrx_word' id='word_1_11' title='bbox 627 461 796 540; x_wconf 83' lang='lat' dir='ltr'>Quae</span> <span class='ocrx_word' id='word_1_12' title='bbox 838 458 932 518; x_wconf 88' lang='lat' dir='ltr'><strong>vis</strong></span> <span class='ocrx_word' id='word_1_13' title='bbox 970 458 1126 516; x_wconf 86' lang='lat' dir='ltr'><strong>enim</strong></span> <span class='ocrx_word' id='word_1_14' title='bbox 1171 473 1290 530; x_wconf 85' lang='lat' dir='ltr'><strong>est,</strong></span> <span class='ocrx_word' id='word_1_15' title='bbox 1334 479 1481 538; x_wconf 87' lang='lat' dir='ltr'><strong>quae</strong></span> <span class='ocrx_word' id='word_1_16' title='bbox 1534 461 1717 541; x_wconf 81' lang='lat' dir='ltr'><strong>magis</strong></span> <span class='ocrx_word' id='word_1_17' title='bbox 1765 479 1958 523; x_wconf 87' lang='lat' dir='ltr'><strong>arceat</strong></span> <span class='ocrx_word' id='word_1_18' title='bbox 1998 462 2195 536; x_wconf 86' lang='lat' dir='ltr'><strong>homi-</strong></span> 
     </span>
     <span class='ocr_line' id='line_1_4' title="bbox 626 535 2190 620; baseline 0.003 -22"><span class='ocrx_word' id='word_1_19' title='bbox 626 559 728 599; x_wconf 85' lang='lat' dir='ltr'><strong>nes</strong></span> <span class='ocrx_word' id='word_1_20' title='bbox 766 539 838 598; x_wconf 94' lang='lat' dir='ltr'><strong>ab</strong></span> <span class='ocrx_word' id='word_1_21' title='bbox 888 535 1264 618; x_wconf 80' lang='lat' dir='ltr'><strong>improbitate</strong></span> <span class='ocrx_word' id='word_1_22' title='bbox 1309 537 1502 604; x_wconf 76' lang='lat' dir='ltr'><strong>omni,</strong></span> <span class='ocrx_word' id='word_1_23' title='bbox 1548 561 1724 620; x_wconf 87' lang='lat' dir='ltr'><strong>quam</strong></span> <span class='ocrx_word' id='word_1_24' title='bbox 1773 541 1821 600; x_wconf 85' lang='lat' dir='ltr'><strong>si</strong></span> <span class='ocrx_word' id='word_1_25' title='bbox 1866 543 2190 618; x_wconf 86' lang='lat' dir='ltr'><strong>senserint,</strong></span> 
     </span>
     <span class='ocr_line' id='line_1_5' title="bbox 627 614 2194 705; baseline 0.003 -26"><span class='ocrx_word' id='word_1_26' title='bbox 627 619 860 679; x_wconf 88' lang='lat' dir='ltr'><strong>nullum</strong></span> <span class='ocrx_word' id='word_1_27' title='bbox 906 616 969 674; x_wconf 86' lang='lat' dir='ltr'><strong>in</strong></span> <span class='ocrx_word' id='word_1_28' title='bbox 1013 614 1241 677; x_wconf 81' lang='lat' dir='ltr'><strong>delictis</strong></span> <span class='ocrx_word' id='word_1_29' title='bbox 1287 639 1406 677; x_wconf 90' lang='lat' dir='ltr'><strong>esse</strong></span> <span class='ocrx_word' id='word_1_30' title='bbox 1444 617 1793 680; x_wconf 86' lang='lat' dir='ltr'><strong>discrimen?</strong></span> <span class='ocrx_word' id='word_1_31' title='bbox 1835 644 2016 705; x_wconf 87' lang='lat' dir='ltr'><strong>aeque</strong></span> <span class='ocrx_word' id='word_1_32' title='bbox 2051 644 2194 703; x_wconf 87' lang='lat' dir='ltr'><strong>pec-</strong></span> 
     </span>
     <span class='ocr_line' id='line_1_6' title="bbox 628 694 2192 778; baseline 0.001 -18"><span class='ocrx_word' id='word_1_33' title='bbox 628 721 757 761; x_wconf 84' lang='lat' dir='ltr'><strong>care</strong></span> <span class='ocrx_word' id='word_1_34' title='bbox 798 718 892 769; x_wconf 84' lang='lat' dir='ltr'><strong>se,</strong></span> <span class='ocrx_word' id='word_1_35' title='bbox 925 694 973 755; x_wconf 88' lang='lat' dir='ltr'><strong>si</strong></span> <span class='ocrx_word' id='word_1_36' title='bbox 1015 695 1292 777; x_wconf 89' lang='lat' dir='ltr'><strong>privatis,</strong></span> <span class='ocrx_word' id='word_1_37' title='bbox 1338 718 1413 759; x_wconf 73' lang='lat' dir='ltr'><strong>ae</strong></span> <span class='ocrx_word' id='word_1_38' title='bbox 1438 698 1486 757; x_wconf 90' lang='lat' dir='ltr'><strong>si</strong></span> <span class='ocrx_word' id='word_1_39' title='bbox 1519 699 1950 778; x_wconf 84' lang='lat' dir='ltr'><strong>magistratibus</strong></span> <span class='ocrx_word' id='word_1_40' title='bbox 1985 723 2192 774; x_wconf 85' lang='lat' dir='ltr'><strong>manus</strong></span> 
     </span>
     <span class='ocr_line' id='line_1_7' title="bbox 626 778 2191 864; baseline 0.003 -26"><span class='ocrx_word' id='word_1_41' title='bbox 626 778 932 838; x_wconf 83' lang='lat' dir='ltr'><strong>adferant?</strong></span> <span class='ocrx_word' id='word_1_42' title='bbox 1002 797 1429 860; x_wconf 82' lang='lat' dir='ltr'><strong>quamcumque</strong></span> <span class='ocrx_word' id='word_1_43' title='bbox 1502 778 1564 837; x_wconf 89' lang='lat' dir='ltr'><strong>in</strong></span> <span class='ocrx_word' id='word_1_44' title='bbox 1626 780 1866 851; x_wconf 87' lang='lat' dir='ltr'><strong>domum</strong></span> <span class='ocrx_word' id='word_1_45' title='bbox 1920 798 2191 864; x_wconf 87' lang='lat' dir='ltr'><strong>stuprum</strong></span> 
     </span>
     <span class='ocr_line' id='line_1_8' title="bbox 624 856 2193 932; baseline 0.003 -15"><span class='ocrx_word' id='word_1_46' title='bbox 624 856 966 932; x_wconf 73' lang='lat' dir='ltr'><strong>intulerint,</strong></span> <span class='ocrx_word' id='word_1_47' title='bbox 1011 859 1255 917; x_wconf 88' lang='lat' dir='ltr'><strong>eandem</strong></span> <span class='ocrx_word' id='word_1_48' title='bbox 1297 879 1416 918; x_wconf 90' lang='lat' dir='ltr'><strong>esse</strong></span> <span class='ocrx_word' id='word_1_49' title='bbox 1458 859 1653 920; x_wconf 88' lang='lat' dir='ltr'><strong>labem</strong></span> <span class='ocrx_word' id='word_1_50' title='bbox 1690 858 1991 921; x_wconf 84' lang='lat' dir='ltr'><strong>libidinis?</strong></span> <span class='ocrx_word' id='word_1_51' title='bbox 2072 861 2193 922; x_wconf 71' lang='lat' dir='ltr'><strong>Ni-</strong></span> 
     </span>
     <span class='ocr_line' id='line_1_9' title="bbox 622 936 2192 1024; baseline 0.003 -27"><span class='ocrx_word' id='word_1_52' title='bbox 622 937 786 998; x_wconf 85' lang='lat' dir='ltr'><strong>hilne</strong></span> <span class='ocrx_word' id='word_1_53' title='bbox 826 936 1006 1018; x_wconf 85' lang='lat' dir='ltr'><strong>igitur</strong></span> <span class='ocrx_word' id='word_1_54' title='bbox 1061 937 1304 999; x_wconf 88' lang='lat' dir='ltr'><strong>interest</strong></span> <span class='ocrx_word' id='word_1_55' title='bbox 1346 940 1513 1015; x_wconf 88' lang='lat' dir='ltr'><strong>(nam</strong></span> <span class='ocrx_word' id='word_1_56' title='bbox 1567 939 1684 1000; x_wconf 88' lang='lat' dir='ltr'><strong>hoc</strong></span> <span class='ocrx_word' id='word_1_57' title='bbox 1739 939 1895 1000; x_wconf 84' lang='lat' dir='ltr'><strong>dicet</strong></span> <span class='ocrx_word' id='word_1_58' title='bbox 1946 941 2192 1024; x_wconf 86' lang='lat' dir='ltr'><strong>aliquis)</strong></span> 
     </span>
     <span class='ocr_line' id='line_1_10' title="bbox 623 1016 2191 1101; baseline 0.001 -22"><span class='ocrx_word' id='word_1_59' title='bbox 623 1036 853 1101; x_wconf 84' lang='lat' dir='ltr'><strong>patrem</strong></span> <span class='ocrx_word' id='word_1_60' title='bbox 902 1016 1032 1100; x_wconf 88' lang='lat' dir='ltr'><strong>quis</strong></span> <span class='ocrx_word' id='word_1_61' title='bbox 1075 1035 1310 1094; x_wconf 77' lang='lat' dir='ltr'><strong>enecet,</strong></span> <span class='ocrx_word' id='word_1_62' title='bbox 1361 1041 1437 1079; x_wconf 88' lang='lat' dir='ltr'><strong>an</strong></span> <span class='ocrx_word' id='word_1_63' title='bbox 1491 1026 1761 1080; x_wconf 87' lang='lat' dir='ltr'><strong>servum?</strong></span> <span class='ocrx_word' id='word_1_64' title='bbox 1856 1020 2033 1082; x_wconf 87' lang='lat' dir='ltr'><strong>Nuda</strong></span> <span class='ocrx_word' id='word_1_65' title='bbox 2079 1022 2191 1089; x_wconf 83' lang='lat' dir='ltr'><strong>ista</strong></span> 
     </span>
     <span class='ocr_line' id='line_1_11' title="bbox 627 1097 2191 1238; baseline 0.001 -78"><span class='ocrx_word' id='word_1_66' title='bbox 627 1100 678 1160; x_wconf 86' lang='lat' dir='ltr'><strong>si</strong></span> <span class='ocrx_word' id='word_1_67' title='bbox 727 1120 944 1181; x_wconf 88' lang='lat' dir='ltr'><strong>ponas,</strong></span> <span class='ocrx_word' id='word_1_68' title='bbox 973 1097 1282 1238; x_wconf 45' lang='lat' dir='ltr'><strong>l{judicarh</strong></span> <span class='ocrx_word' id='word_1_69' title='bbox 1350 1099 1549 1182; x_wconf 87' lang='lat' dir='ltr'><strong>qualia</strong></span> <span class='ocrx_word' id='word_1_70' title='bbox 1610 1099 1758 1173; x_wconf 85' lang='lat' dir='ltr'><strong>sint,</strong></span> <span class='ocrx_word' id='word_1_71' title='bbox 1838 1122 1960 1161; x_wconf 84' lang='lat' dir='ltr'><strong>non</strong></span> <span class='ocrx_word' id='word_1_72' title='bbox 2018 1100 2191 1165; x_wconf 81' lang='lat' dir='ltr'><strong>facile</strong></span> 
     </span>
     <span class='ocr_line' id='line_1_12' title="bbox 623 1180 2192 1261; baseline 0.001 -20"><span class='ocrx_word' id='word_1_73' title='bbox 623 1197 890 1261; x_wconf 88' lang='lat' dir='ltr'><strong>possunt.</strong></span> <span class='ocrx_word' id='word_1_74' title='bbox 1023 1197 1207 1240; x_wconf 89' lang='lat' dir='ltr'><strong>atrem</strong></span> <span class='ocrx_word' id='word_1_75' title='bbox 1239 1180 1360 1251; x_wconf 84' lang='lat' dir='ltr'><strong>vita</strong></span> <span class='ocrx_word' id='word_1_76' title='bbox 1387 1180 1650 1261; x_wconf 86' lang='lat' dir='ltr'><strong>privare,</strong></span> <span class='ocrx_word' id='word_1_77' title='bbox 1695 1181 1745 1240; x_wconf 88' lang='lat' dir='ltr'><strong>si</strong></span> <span class='ocrx_word' id='word_1_78' title='bbox 1773 1203 1879 1261; x_wconf 88' lang='lat' dir='ltr'><strong>per</strong></span> <span class='ocrx_word' id='word_1_79' title='bbox 1910 1203 1970 1241; x_wconf 90' lang='lat' dir='ltr'><strong>se</strong></span> <span class='ocrx_word' id='word_1_80' title='bbox 2002 1181 2192 1243; x_wconf 85' lang='lat' dir='ltr'><strong>scelus</strong></span> 
     </span>
     <span class='ocr_line' id='line_1_13' title="bbox 624 1259 2245 1344; baseline 0.001 -25"><span class='ocrx_word' id='word_1_81' title='bbox 624 1277 740 1322; x_wconf 86' lang='lat' dir='ltr'><strong>est:</strong></span> <span class='ocrx_word' id='word_1_82' title='bbox 784 1259 1126 1341; x_wconf 82' lang='lat' dir='ltr'><strong>Saguntini,</strong></span> <span class='ocrx_word' id='word_1_83' title='bbox 1154 1259 1255 1344; x_wconf 89' lang='lat' dir='ltr'><strong>qui</strong></span> <span class='ocrx_word' id='word_1_84' title='bbox 1282 1276 1551 1342; x_wconf 90' lang='lat' dir='ltr'><strong>parentes</strong></span> <span class='ocrx_word' id='word_1_85' title='bbox 1578 1281 1747 1334; x_wconf 84' lang='lat' dir='ltr'>SUOS,</span> <span class='ocrx_word' id='word_1_86' title='bbox 1777 1262 1994 1322; x_wconf 90' lang='lat' dir='ltr'><strong>liberos</strong></span> <span class='ocrx_word' id='word_1_87' title='bbox 2026 1281 2194 1329; x_wconf 82' lang='lat' dir='ltr'><strong>emo-</strong></span> <span class='ocrx_word' id='word_1_88' title='bbox 2244 1284 2245 1287; x_wconf 44' lang='lat'>¹</span> 
     </span>
     <span class='ocr_line' id='line_1_14' title="bbox 623 1340 2192 1424; baseline 0.002 -25"><span class='ocrx_word' id='word_1_89' title='bbox 623 1341 710 1417; x_wconf 87' lang='lat' dir='ltr'><strong>ri,</strong></span> <span class='ocrx_word' id='word_1_90' title='bbox 752 1364 928 1424; x_wconf 90' lang='lat' dir='ltr'><strong>quam</strong></span> <span class='ocrx_word' id='word_1_91' title='bbox 967 1362 1165 1401; x_wconf 87' lang='lat' dir='ltr'><strong>servos</strong></span> <span class='ocrx_word' id='word_1_92' title='bbox 1205 1340 1403 1401; x_wconf 85' lang='lat' dir='ltr'><strong>vivere</strong></span> <span class='ocrx_word' id='word_1_93' title='bbox 1447 1341 1814 1416; x_wconf 84' lang='lat' dir='ltr'><strong>maluerunt,</strong></span> <span class='ocrx_word' id='word_1_94' title='bbox 1864 1341 2192 1423; x_wconf 76' lang='lat' dir='ltr'><strong>parricidae</strong></span> 
     </span>
     <span class='ocr_line' id='line_1_15' title="bbox 621 1420 2191 1505; baseline 0 -25"><span class='ocrx_word' id='word_1_95' title='bbox 621 1421 882 1482; x_wconf 88' lang='lat' dir='ltr'><strong>fuerunt.</strong></span> <span class='ocrx_word' id='word_1_96' title='bbox 977 1421 1135 1501; x_wconf 86' lang='lat' dir='ltr'><strong>Ergo</strong></span> <span class='ocrx_word' id='word_1_97' title='bbox 1174 1436 1233 1482; x_wconf 88' lang='lat' dir='ltr'><strong>et</strong></span> <span class='ocrx_word' id='word_1_98' title='bbox 1278 1420 1508 1502; x_wconf 86' lang='lat' dir='ltr'><strong>parenti</strong></span> <span class='ocrx_word' id='word_1_99' title='bbox 1547 1441 1970 1505; x_wconf 82' lang='lat' dir='ltr'><strong>nonnunquam</strong></span> <span class='ocrx_word' id='word_1_100' title='bbox 2007 1420 2191 1481; x_wconf 88' lang='lat' dir='ltr'><strong>adimi</strong></span> 
     </span>
     <span class='ocr_line' id='line_1_16' title="bbox 622 1502 2190 1584; baseline 0 -24"><span class='ocrx_word' id='word_1_101' title='bbox 622 1502 746 1563; x_wconf 83' lang='lat' dir='ltr'><strong>vita</strong></span> <span class='ocrx_word' id='word_1_102' title='bbox 786 1503 910 1570; x_wconf 80' lang='lat' dir='ltr'><strong>sine</strong></span> <span class='ocrx_word' id='word_1_103' title='bbox 950 1502 1165 1563; x_wconf 85' lang='lat' dir='ltr'><strong>scelere</strong></span> <span class='ocrx_word' id='word_1_104' title='bbox 1215 1517 1409 1584; x_wconf 91' lang='lat' dir='ltr'><strong>potest</strong></span> <span class='ocrx_word' id='word_1_105' title='bbox 1430 1520 1469 1581; x_wconf 27' lang='grc'><strong>3,,</strong></span> <span class='ocrx_word' id='word_1_106' title='bbox 1507 1519 1567 1562; x_wconf 91' lang='lat' dir='ltr'><strong>et</strong></span> <span class='ocrx_word' id='word_1_107' title='bbox 1615 1522 1785 1562; x_wconf 87' lang='lat' dir='ltr'><strong>servo</strong></span> <span class='ocrx_word' id='word_1_108' title='bbox 1846 1523 2016 1584; x_wconf 86' lang='lat' dir='ltr'><strong>saepe</strong></span> <span class='ocrx_word' id='word_1_109' title='bbox 2062 1502 2190 1562; x_wconf 88' lang='lat' dir='ltr'><strong>sine</strong></span> 
     </span>
     <span class='ocr_line' id='line_1_17' title="bbox 622 1581 2190 1666; baseline 0.001 -26"><span class='ocrx_word' id='word_1_110' title='bbox 622 1582 838 1666; x_wconf 86' lang='lat' dir='ltr'><strong>injuria</strong></span> <span class='ocrx_word' id='word_1_111' title='bbox 876 1604 996 1642; x_wconf 89' lang='lat' dir='ltr'><strong>non</strong></span> <span class='ocrx_word' id='word_1_112' title='bbox 1035 1599 1249 1665; x_wconf 85' lang='lat' dir='ltr'><strong>potest.</strong></span> <span class='ocrx_word' id='word_1_113' title='bbox 1345 1581 1769 1665; x_wconf 9' lang='lat' dir='ltr'><strong>Causapigitur</strong></span> <span class='ocrx_word' id='word_1_114' title='bbox 1826 1583 2011 1656; x_wconf 86' lang='lat' dir='ltr'><strong>haec,</strong></span> <span class='ocrx_word' id='word_1_115' title='bbox 2055 1587 2190 1642; x_wconf 72' lang='lat' dir='ltr'><strong>&#39;non</strong></span> 
     </span>
     <span class='ocr_line' id='line_1_18' title="bbox 623 1662 2188 1746; baseline 0.001 -25"><span class='ocrx_word' id='word_1_116' title='bbox 623 1680 831 1724; x_wconf 89' lang='lat' dir='ltr'><strong>natura</strong></span> <span class='ocrx_word' id='word_1_117' title='bbox 877 1663 1219 1743; x_wconf 9' lang='lat' dir='ltr'><strong>distingnuitj,</strong></span> <span class='ocrx_word' id='word_1_118' title='bbox 1265 1685 1412 1746; x_wconf 90' lang='lat' dir='ltr'><strong>quae</strong></span> <span class='ocrx_word' id='word_1_119' title='bbox 1466 1663 1702 1744; x_wconf 91' lang='lat' dir='ltr'><strong>quando</strong></span> <span class='ocrx_word' id='word_1_120' title='bbox 1742 1679 1878 1723; x_wconf 89' lang='lat' dir='ltr'><strong>utro</strong></span> <span class='ocrx_word' id='word_1_121' title='bbox 1917 1662 2188 1736; x_wconf 85' lang='lat' dir='ltr'><strong>accessit,</strong></span> 
     </span>
     <span class='ocr_line' id='line_1_19' title="bbox 622 1742 2263 1827; baseline 0.001 -26"><span class='ocrx_word' id='word_1_122' title='bbox 622 1742 685 1803; x_wconf 91' lang='lat' dir='ltr'><strong>id</strong></span> <span class='ocrx_word' id='word_1_123' title='bbox 718 1746 784 1804; x_wconf 85' lang='lat' dir='ltr'><strong>fit</strong></span> <span class='ocrx_word' id='word_1_124' title='bbox 807 1746 1151 1827; x_wconf 85' lang='lat' dir='ltr'><strong>propensius</strong></span> <span class='ocrx_word' id='word_1_125' title='bbox 1164 1767 1184 1817; x_wconf 72' lang='lat'>5</span> <span class='ocrx_word' id='word_1_126' title='bbox 1224 1744 1273 1804; x_wconf 86' lang='lat' dir='ltr'><strong>si</strong></span> <span class='ocrx_word' id='word_1_127' title='bbox 1317 1760 1450 1804; x_wconf 90' lang='lat' dir='ltr'><strong>utro</strong></span> <span class='ocrx_word' id='word_1_128' title='bbox 1496 1765 1566 1804; x_wconf 86' lang='lat' dir='ltr'><strong>ue</strong></span> <span class='ocrx_word' id='word_1_129' title='bbox 1610 1743 1885 1827; x_wconf 87' lang='lat' dir='ltr'><strong>adjuncta</strong></span> <span class='ocrx_word' id='word_1_130' title='bbox 1912 1742 2024 1815; x_wconf 82' lang='lat' dir='ltr'><strong>sit,</strong></span> <span class='ocrx_word' id='word_1_131' title='bbox 2069 1764 2190 1824; x_wconf 86' lang='lat' dir='ltr'><strong>pa-</strong></span> <span class='ocrx_word' id='word_1_132' title='bbox 2258 1803 2263 1814; x_wconf 62' lang='grc'>,</span> 
     </span>
     <span class='ocr_line' id='line_1_20' title="bbox 622 1822 2187 1899; baseline 0.001 -16"><span class='ocrx_word' id='word_1_133' title='bbox 622 1823 710 1884; x_wconf 89' lang='lat' dir='ltr'><strong>ria</strong></span> <span class='ocrx_word' id='word_1_134' title='bbox 754 1826 931 1899; x_wconf 88' lang='lat' dir='ltr'><strong>fiant,</strong></span> <span class='ocrx_word' id='word_1_135' title='bbox 973 1845 1202 1885; x_wconf 82' lang='lat' dir='ltr'><strong>necesse</strong></span> <span class='ocrx_word' id='word_1_136' title='bbox 1246 1841 1353 1885; x_wconf 89' lang='lat' dir='ltr'><strong>est.</strong></span> <span class='ocrx_word' id='word_1_137' title='bbox 1447 1825 1480 1884; x_wconf 95' lang='lat' dir='ltr'>I</span> <span class='ocrx_word' id='word_1_138' title='bbox 1507 1822 1615 1884; x_wconf 88' lang='lat' dir='ltr'><strong>lud</strong></span> <span class='ocrx_word' id='word_1_139' title='bbox 1665 1838 1861 1885; x_wconf 89' lang='lat' dir='ltr'><strong>tamen</strong></span> <span class='ocrx_word' id='word_1_140' title='bbox 1914 1824 2187 1895; x_wconf 84' lang='lat' dir='ltr'><strong>interest,</strong></span> 
     </span>
     <span class='ocr_line' id='line_1_21' title="bbox 622 1903 2190 1986; baseline -0.001 -22"><span class='ocrx_word' id='word_1_141' title='bbox 622 1903 784 1986; x_wconf 88' lang='lat' dir='ltr'><strong>quod</strong></span> <span class='ocrx_word' id='word_1_142' title='bbox 817 1905 880 1964; x_wconf 88' lang='lat' dir='ltr'><strong>in</strong></span> <span class='ocrx_word' id='word_1_143' title='bbox 911 1926 1080 1965; x_wconf 88' lang='lat' dir='ltr'><strong>servo</strong></span> <span class='ocrx_word' id='word_1_144' title='bbox 1108 1903 1404 1976; x_wconf 79' lang='lat' dir='ltr'><strong>necandO,</strong></span> <span class='ocrx_word' id='word_1_145' title='bbox 1438 1906 1487 1965; x_wconf 89' lang='lat' dir='ltr'><strong>si</strong></span> <span class='ocrx_word' id='word_1_146' title='bbox 1529 1903 1682 1965; x_wconf 88' lang='lat' dir='ltr'><strong>adsit</strong></span> <span class='ocrx_word' id='word_1_147' title='bbox 1725 1904 1975 1984; x_wconf 83' lang='lat' dir='ltr'><strong>injuria,</strong></span> <span class='ocrx_word' id='word_1_148' title='bbox 2006 1903 2190 1963; x_wconf 90' lang='lat' dir='ltr'><strong>semel</strong></span> 
     </span>
     <span class='ocr_line' id='line_1_22' title="bbox 619 1983 2197 2066; baseline 0.002 -22"><span class='ocrx_word' id='word_1_149' title='bbox 619 2003 931 2066; x_wconf 59' lang='lat' dir='ltr'><strong>peccatum</strong></span> <span class='ocrx_word' id='word_1_150' title='bbox 976 1985 1039 2044; x_wconf 91' lang='lat' dir='ltr'><strong>in</strong></span> <span class='ocrx_word' id='word_1_151' title='bbox 1079 1985 1261 2066; x_wconf 83' lang='lat' dir='ltr'><strong>patris</strong></span> <span class='ocrx_word' id='word_1_152' title='bbox 1309 1986 1433 2046; x_wconf 83' lang='lat' dir='ltr'><strong>vita</strong></span> <span class='ocrx_word' id='word_1_153' title='bbox 1477 1984 1786 2057; x_wconf 86' lang='lat' dir='ltr'><strong>voilanda‚</strong></span> <span class='ocrx_word' id='word_1_154' title='bbox 1840 1983 2029 2043; x_wconf 86' lang='lat' dir='ltr'><strong>multa</strong></span> <span class='ocrx_word' id='word_1_155' title='bbox 2061 2005 2197 2064; x_wconf 87' lang='lat' dir='ltr'><strong>pec·</strong></span> 
     </span>
     <span class='ocr_line' id='line_1_23' title="bbox 620 2063 2189 2147; baseline 0 -22"><span class='ocrx_word' id='word_1_156' title='bbox 620 2083 845 2127; x_wconf 89' lang='lat' dir='ltr'><strong>cantur.</strong></span> <span class='ocrx_word' id='word_1_157' title='bbox 929 2065 1212 2129; x_wconf 89' lang='lat' dir='ltr'><strong>Violatur</strong></span> <span class='ocrx_word' id='word_1_158' title='bbox 1251 2065 1332 2138; x_wconf 81' lang='lat' dir='ltr'><strong>iS‚</strong></span> <span class='ocrx_word' id='word_1_159' title='bbox 1375 2066 1479 2147; x_wconf 90' lang='lat' dir='ltr'><strong>qui</strong></span> <span class='ocrx_word' id='word_1_160' title='bbox 1523 2063 1884 2147; x_wconf 83' lang='lat' dir='ltr'><strong>procreavit:</strong></span> <span class='ocrx_word' id='word_1_161' title='bbox 1937 2063 2028 2137; x_wconf 87' lang='lat' dir='ltr'><strong>is,</strong></span> <span class='ocrx_word' id='word_1_162' title='bbox 2127 2064 2189 2133; x_wconf 82' lang='lat' dir='ltr'><strong>ui</strong></span> 
     </span>
     <span class='ocr_line' id='line_1_24' title="bbox 621 2143 2190 2234; baseline -0.001 -28"><span class='ocrx_word' id='word_1_163' title='bbox 621 2147 796 2211; x_wconf 82' lang='lat' dir='ltr'><strong>aluit:</strong></span> <span class='ocrx_word' id='word_1_164' title='bbox 846 2147 930 2222; x_wconf 69' lang='grc' dir='ltr'><strong>ᾖε,</strong></span> <span class='ocrx_word' id='word_1_165' title='bbox 975 2146 1077 2234; x_wconf 88' lang='lat' dir='ltr'><strong>qui</strong></span> <span class='ocrx_word' id='word_1_166' title='bbox 1121 2144 1410 2214; x_wconf 81' lang='lat' dir='ltr'><strong>erudivit;</strong></span> <span class='ocrx_word' id='word_1_167' title='bbox 1453 2147 1538 2219; x_wconf 87' lang='lat' dir='ltr'><strong>is,</strong></span> <span class='ocrx_word' id='word_1_168' title='bbox 1581 2145 1684 2226; x_wconf 90' lang='lat' dir='ltr'><strong>qui</strong></span> <span class='ocrx_word' id='word_1_169' title='bbox 1728 2145 1791 2203; x_wconf 91' lang='lat' dir='ltr'><strong>in</strong></span> <span class='ocrx_word' id='word_1_170' title='bbox 1816 2143 1952 2205; x_wconf 89' lang='lat' dir='ltr'><strong>sede</strong></span> <span class='ocrx_word' id='word_1_171' title='bbox 1979 2165 2049 2204; x_wconf 87' lang='lat' dir='ltr'><strong>ac</strong></span> <span class='ocrx_word' id='word_1_172' title='bbox 2117 2166 2190 2204; x_wconf 91' lang='lat'><strong>0-</strong></span> 
     </span>
     <span class='ocr_line' id='line_1_25' title="bbox 618 2223 2187 2310; baseline -0.001 -24"><span class='ocrx_word' id='word_1_173' title='bbox 618 2249 749 2301; x_wconf 86' lang='lat' dir='ltr'><strong>m0,</strong></span> <span class='ocrx_word' id='word_1_174' title='bbox 796 2245 971 2310; x_wconf 87' lang='lat' dir='ltr'><strong>atque</strong></span> <span class='ocrx_word' id='word_1_175' title='bbox 1011 2227 1075 2285; x_wconf 89' lang='lat' dir='ltr'><strong>in</strong></span> <span class='ocrx_word' id='word_1_176' title='bbox 1118 2225 1421 2306; x_wconf 81' lang='lat' dir='ltr'><strong>republica</strong></span> <span class='ocrx_word' id='word_1_177' title='bbox 1460 2224 1794 2292; x_wconf 79' lang='lat' dir='ltr'><strong>collocavit.</strong></span> <span class='ocrx_word' id='word_1_178' title='bbox 1887 2223 2187 2287; x_wconf 85' lang='lat' dir='ltr'><strong>Multitu-</strong></span> 
     </span>
     <span class='ocr_line' id='line_1_26' title="bbox 619 2307 2188 2389; baseline -0.001 -23"><span class='ocrx_word' id='word_1_179' title='bbox 619 2307 756 2368; x_wconf 82' lang='lat' dir='ltr'><strong>dine</strong></span> <span class='ocrx_word' id='word_1_180' title='bbox 791 2323 1165 2389; x_wconf 84' lang='lat' dir='ltr'><strong>peccatorum</strong></span> <span class='ocrx_word' id='word_1_181' title='bbox 1204 2319 1490 2386; x_wconf 76' lang='lat' dir='ltr'><strong>praestat,</strong></span> <span class='ocrx_word' id='word_1_182' title='bbox 1529 2327 1715 2387; x_wconf 89' lang='lat' dir='ltr'><strong>eoque</strong></span> <span class='ocrx_word' id='word_1_183' title='bbox 1744 2325 1935 2386; x_wconf 85' lang='lat' dir='ltr'><strong>poena</strong></span> <span class='ocrx_word' id='word_1_184' title='bbox 1966 2309 2188 2386; x_wconf 76' lang='lat' dir='ltr'><strong>majore</strong></span> 
     </span>
     <span class='ocr_line' id='line_1_27' title="bbox 598 2384 2188 2478; baseline -0.002 -31"><span class='ocrx_word' id='word_1_185' title='bbox 598 2388 830 2471; x_wconf 50' lang='lat' dir='ltr'><strong>*dignus</strong></span> <span class='ocrx_word' id='word_1_186' title='bbox 875 2405 980 2449; x_wconf 88' lang='lat' dir='ltr'><strong>est.</strong></span> <span class='ocrx_word' id='word_1_187' title='bbox 1062 2384 1181 2446; x_wconf 90' lang='lat' dir='ltr'><strong>Sed</strong></span> <span class='ocrx_word' id='word_1_188' title='bbox 1216 2407 1323 2446; x_wconf 88' lang='lat' dir='ltr'><strong>nos</strong></span> <span class='ocrx_word' id='word_1_189' title='bbox 1364 2386 1427 2445; x_wconf 89' lang='lat' dir='ltr'><strong>in</strong></span> <span class='ocrx_word' id='word_1_190' title='bbox 1452 2385 1606 2460; x_wconf 87' lang='lat' dir='ltr'><strong>vita,</strong></span> <span class='ocrx_word' id='word_1_191' title='bbox 1648 2407 1767 2449; x_wconf 87' lang='lat' dir='ltr'><strong>non</strong></span> <span class='ocrx_word' id='word_1_192' title='bbox 1798 2407 1946 2478; x_wconf 85' lang='lat' dir='ltr'><strong>quae</strong></span> <span class='ocrx_word' id='word_1_193' title='bbox 1974 2385 2188 2467; x_wconf 86' lang='lat' dir='ltr'><strong>cuique</strong></span> 
     </span>
     <span class='ocr_line' id='line_1_28' title="bbox 615 2463 2188 2550; baseline -0.001 -22"><span class='ocrx_word' id='word_1_194' title='bbox 615 2485 858 2550; x_wconf 87' lang='lat' dir='ltr'><strong>peccato</strong></span> <span class='ocrx_word' id='word_1_195' title='bbox 897 2489 1089 2550; x_wconf 89' lang='lat' dir='ltr'><strong>poena</strong></span> <span class='ocrx_word' id='word_1_196' title='bbox 1123 2466 1229 2541; x_wconf 90' lang='lat' dir='ltr'><strong>sit,</strong></span> <span class='ocrx_word' id='word_1_197' title='bbox 1273 2465 1376 2527; x_wconf 90' lang='lat' dir='ltr'><strong>sed</strong></span> <span class='ocrx_word' id='word_1_198' title='bbox 1414 2483 1700 2547; x_wconf 90' lang='lat' dir='ltr'><strong>quantum</strong></span> <span class='ocrx_word' id='word_1_199' title='bbox 1735 2487 1946 2547; x_wconf 79' lang='lat' dir='ltr'><strong>cuique</strong></span> <span class='ocrx_word' id='word_1_200' title='bbox 1976 2463 2188 2540; x_wconf 87' lang='lat' dir='ltr'><strong>liceat,</strong></span> 
     </span>
     <span class='ocr_line' id='line_1_29' title="bbox 617 2546 2189 2630; baseline -0.001 -23"><span class='ocrx_word' id='word_1_201' title='bbox 617 2566 878 2629; x_wconf 86' lang='lat' dir='ltr'><strong>spectare</strong></span> <span class='ocrx_word' id='word_1_202' title='bbox 921 2549 1231 2619; x_wconf 81' lang='lat' dir='ltr'><strong>debemus3</strong></span> <span class='ocrx_word' id='word_1_203' title='bbox 1266 2546 1556 2630; x_wconf 87' lang='lat' dir='ltr'><strong>quidquid</strong></span> <span class='ocrx_word' id='word_1_204' title='bbox 1601 2567 1725 2620; x_wconf 75' lang='lat' dir='ltr'><strong>non</strong></span> <span class='ocrx_word' id='word_1_205' title='bbox 1752 2561 2015 2628; x_wconf 84' lang='lat' dir='ltr'><strong>oportet,</strong></span> <span class='ocrx_word' id='word_1_206' title='bbox 2058 2566 2189 2606; x_wconf 86' lang='lat' dir='ltr'><strong>sce-</strong></span> 
     </span>
     <span class='ocr_line' id='line_1_30' title="bbox 619 2626 2188 2711; baseline 0 -24"><span class='ocrx_word' id='word_1_207' title='bbox 619 2626 711 2689; x_wconf 89' lang='lat' dir='ltr'><strong>lus</strong></span> <span class='ocrx_word' id='word_1_208' title='bbox 753 2651 871 2690; x_wconf 91' lang='lat' dir='ltr'><strong>esse</strong></span> <span class='ocrx_word' id='word_1_209' title='bbox 897 2656 919 2704; x_wconf 77' lang='lat'>3</span> <span class='ocrx_word' id='word_1_210' title='bbox 1004 2627 1254 2711; x_wconf 87' lang='lat' dir='ltr'><strong>uidquid</strong></span> <span class='ocrx_word' id='word_1_211' title='bbox 1290 2648 1411 2688; x_wconf 90' lang='lat' dir='ltr'><strong>non</strong></span> <span class='ocrx_word' id='word_1_212' title='bbox 1439 2627 1612 2700; x_wconf 86' lang='lat' dir='ltr'><strong>licet,</strong></span> <span class='ocrx_word' id='word_1_213' title='bbox 1652 2627 1812 2686; x_wconf 84' lang='lat' dir='ltr'><strong>nefas</strong></span> <span class='ocrx_word' id='word_1_214' title='bbox 1835 2642 2044 2707; x_wconf 88' lang='lat' dir='ltr'><strong>putare</strong></span> <span class='ocrx_word' id='word_1_215' title='bbox 2069 2626 2188 2687; x_wconf 89' lang='lat' dir='ltr'><strong>de·-</strong></span> 
     </span>
     <span class='ocr_line' id='line_1_31' title="bbox 615 2704 2184 2771; baseline -0.003 -1"><span class='ocrx_word' id='word_1_216' title='bbox 615 2711 842 2771; x_wconf 86' lang='lat' dir='ltr'><strong>bemus.</strong></span> <span class='ocrx_word' id='word_1_217' title='bbox 992 2711 1207 2770; x_wconf 89' lang='lat' dir='ltr'><strong>tiamne</strong></span> <span class='ocrx_word' id='word_1_218' title='bbox 1256 2708 1318 2768; x_wconf 93' lang='lat' dir='ltr'><strong>in</strong></span> <span class='ocrx_word' id='word_1_219' title='bbox 1354 2707 1610 2768; x_wconf 85' lang='lat' dir='ltr'><strong>minimis</strong></span> <span class='ocrx_word' id='word_1_220' title='bbox 1653 2708 1866 2768; x_wconf 83' lang='lat' dir='ltr'><strong>rebus?</strong></span> <span class='ocrx_word' id='word_1_221' title='bbox 1959 2704 2184 2766; x_wconf 86' lang='lat' dir='ltr'><strong>Etiam:</strong></span> 
     </span>
     <span class='ocr_line' id='line_1_32' title="bbox 615 2789 2184 2871; baseline -0.003 -20"><span class='ocrx_word' id='word_1_222' title='bbox 615 2791 905 2871; x_wconf 84' lang='lat' dir='ltr'><strong>siquidem</strong></span> <span class='ocrx_word' id='word_1_223' title='bbox 948 2813 1144 2851; x_wconf 88' lang='lat' dir='ltr'><strong>rerum</strong></span> <span class='ocrx_word' id='word_1_224' title='bbox 1170 2789 1414 2849; x_wconf 88' lang='lat' dir='ltr'><strong>modum</strong></span> <span class='ocrx_word' id='word_1_225' title='bbox 1449 2791 1663 2868; x_wconf 86' lang='lat' dir='ltr'><strong>fingere</strong></span> <span class='ocrx_word' id='word_1_226' title='bbox 1696 2807 1816 2847; x_wconf 88' lang='lat' dir='ltr'><strong>non</strong></span> <span class='ocrx_word' id='word_1_227' title='bbox 1847 2807 2184 2869; x_wconf 83' lang='lat' dir='ltr'><strong>possumus:</strong></span> 
     </span>
     <span class='ocr_line' id='line_1_33' title="bbox 616 2865 2185 2951; baseline -0.003 -19"><span class='ocrx_word' id='word_1_228' title='bbox 616 2873 947 2933; x_wconf 85' lang='lat' dir='ltr'><strong>animorum</strong></span> <span class='ocrx_word' id='word_1_229' title='bbox 977 2870 1219 2948; x_wconf 85' lang='lat' dir='ltr'><strong>modum</strong></span> <span class='ocrx_word' id='word_1_230' title='bbox 1260 2887 1453 2931; x_wconf 90' lang='lat' dir='ltr'><strong>tenere</strong></span> <span class='ocrx_word' id='word_1_231' title='bbox 1484 2888 1811 2951; x_wconf 87' lang='lat' dir='ltr'><strong>possumus.</strong></span> <span class='ocrx_word' id='word_1_232' title='bbox 1878 2865 2102 2933; x_wconf 86' lang='lat' dir='ltr'><strong>Histrio</strong></span> <span class='ocrx_word' id='word_1_233' title='bbox 2134 2866 2185 2927; x_wconf 89' lang='lat' dir='ltr'><strong>si</strong></span> 
     </span>
     <span class='ocr_line' id='line_1_34' title="bbox 613 2947 2185 3035; baseline -0.004 -21"><span class='ocrx_word' id='word_1_234' title='bbox 613 2953 885 3035; x_wconf 88' lang='lat' dir='ltr'><strong>paullum</strong></span> <span class='ocrx_word' id='word_1_235' title='bbox 908 2974 966 3013; x_wconf 87' lang='lat' dir='ltr'><strong>se</strong></span> <span class='ocrx_word' id='word_1_236' title='bbox 992 2952 1182 3019; x_wconf 88' lang='lat' dir='ltr'><strong>movit</strong></span> <span class='ocrx_word' id='word_1_237' title='bbox 1208 2967 1371 3014; x_wconf 84' lang='lat' dir='ltr'><strong>extra</strong></span> <span class='ocrx_word' id='word_1_238' title='bbox 1404 2970 1713 3009; x_wconf 83' lang='lat' dir='ltr'><strong>numerum</strong></span> <span class='ocrx_word' id='word_1_239' title='bbox 1733 2991 1751 3021; x_wconf 86' lang='lat'><strong>,</strong></span> <span class='ocrx_word' id='word_1_240' title='bbox 1782 2964 1883 3008; x_wconf 91' lang='lat' dir='ltr'><strong>aut</strong></span> <span class='ocrx_word' id='word_1_241' title='bbox 1906 2947 1955 3007; x_wconf 90' lang='lat' dir='ltr'><strong>si</strong></span> <span class='ocrx_word' id='word_1_242' title='bbox 1985 2966 2185 3007; x_wconf 87' lang='lat' dir='ltr'><strong>versus</strong></span> 
     </span>
     <span class='ocr_line' id='line_1_35' title="bbox 614 3026 2261 3115; baseline -0.005 -22"><span class='ocrx_word' id='word_1_243' title='bbox 614 3033 1027 3115; x_wconf 83' lang='lat' dir='ltr'><strong>pronuntiatus</strong></span> <span class='ocrx_word' id='word_1_244' title='bbox 1042 3048 1128 3094; x_wconf 87' lang='lat' dir='ltr'><strong>est</strong></span> <span class='ocrx_word' id='word_1_245' title='bbox 1141 3032 1370 3115; x_wconf 82' lang='lat' dir='ltr'><strong>syllaba</strong></span> <span class='ocrx_word' id='word_1_246' title='bbox 1386 3052 1504 3090; x_wconf 89' lang='lat' dir='ltr'><strong>una</strong></span> <span class='ocrx_word' id='word_1_247' title='bbox 1519 3027 1756 3090; x_wconf 87' lang='lat' dir='ltr'><strong>brevior</strong></span> <span class='ocrx_word' id='word_1_248' title='bbox 1771 3071 1788 3102; x_wconf 84' lang='lat'>,</span> <span class='ocrx_word' id='word_1_249' title='bbox 1804 3045 1907 3091; x_wconf 86' lang='lat' dir='ltr'><strong>aut</strong></span> <span class='ocrx_word' id='word_1_250' title='bbox 1917 3026 2152 3107; x_wconf 84' lang='lat' dir='ltr'><strong>longior</strong></span> <span class='ocrx_word' id='word_1_251' title='bbox 2163 3070 2182 3102; x_wconf 88' lang='lat'><strong>,</strong></span> <span class='ocrx_word' id='word_1_252' title='bbox 2247 3100 2261 3106; x_wconf 69' lang='lat'>,</span> 
     </span>
    </p>
   </div>
   <div class='ocr_carea' id='block_1_3' title="bbox 616 3107 2186 3248">
    <p class='ocr_par' dir='ltr' id='par_1_3' title="bbox 616 3107 2186 3248">
     <span class='ocr_line' id='line_1_36' title="bbox 616 3107 2186 3199; baseline -0.005 -24"><span class='ocrx_word' id='word_1_253' title='bbox 616 3114 953 3178; x_wconf 81' lang='lat' dir='ltr'><strong>exsibilatur</strong></span> <span class='ocrx_word' id='word_1_254' title='bbox 998 3130 1056 3175; x_wconf 90' lang='lat' dir='ltr'><strong>et</strong></span> <span class='ocrx_word' id='word_1_255' title='bbox 1100 3110 1469 3196; x_wconf 61' lang='lat' dir='ltr'><strong>exploditur}</strong></span> <span class='ocrx_word' id='word_1_256' title='bbox 1516 3114 1533 3140; x_wconf 74' lang='lat'><strong>³</strong></span> <span class='ocrx_word' id='word_1_257' title='bbox 1579 3110 1644 3171; x_wconf 89' lang='lat' dir='ltr'><strong>in</strong></span> <span class='ocrx_word' id='word_1_258' title='bbox 1686 3107 1806 3172; x_wconf 81' lang='lat' dir='ltr'><strong>vita</strong></span> <span class='ocrx_word' id='word_1_259' title='bbox 1870 3126 1966 3185; x_wconf 84' lang='lat' dir='ltr'><strong>tu,</strong></span> <span class='ocrx_word' id='word_1_260' title='bbox 2033 3128 2186 3199; x_wconf 70' lang='lat' dir='ltr'><strong>quae</strong></span> 
     </span>
     <span class='ocr_line' id='line_1_37' title="bbox 2019 3208 2185 3248; baseline 0 0"><span class='ocrx_word' id='word_1_261' title='bbox 2019 3208 2185 3248; x_wconf 75' lang='lat' dir='ltr'><strong>omni</strong></span> 
     </span>
    </p>
   </div>
   <div class='ocr_carea' id='block_1_4' title="bbox 659 3333 2181 3431">
    <p class='ocr_par' dir='ltr' id='par_1_4' title="bbox 659 3333 2181 3431">
     <span class='ocr_line' id='line_1_38' title="bbox 659 3333 2181 3383; baseline -0.004 -11"><span class='ocrx_word' id='word_1_262' title='bbox 659 3349 675 3372; x_wconf 85' lang='lat'>1</span> <span class='ocrx_word' id='word_1_263' title='bbox 699 3340 784 3373; x_wconf 84' lang='lat' dir='ltr'><strong>Cod.</strong></span> <span class='ocrx_word' id='word_1_264' title='bbox 818 3339 923 3374; x_wconf 87' lang='lat' dir='ltr'><strong>1o.in</strong></span> <span class='ocrx_word' id='word_1_265' title='bbox 946 3339 1022 3373; x_wconf 75' lang='lat' dir='ltr'><strong>vita</strong></span> <span class='ocrx_word' id='word_1_266' title='bbox 1045 3346 1119 3374; x_wconf 86' lang='lat' dir='ltr'><strong>tum</strong></span> <span class='ocrx_word' id='word_1_267' title='bbox 1146 3350 1233 3383; x_wconf 76' lang='lat' dir='ltr'><strong>quae</strong></span> <span class='ocrx_word' id='word_1_268' title='bbox 1251 3337 1426 3372; x_wconf 62' lang='lat' dir='ltr'><strong>—deben</strong></span> <span class='ocrx_word' id='word_1_269' title='bbox 1474 3334 1561 3371; x_wconf 77' lang='lat' dir='ltr'><strong>Cod-</strong></span> <span class='ocrx_word' id='word_1_270' title='bbox 1584 3333 1643 3375; x_wconf 84' lang='lat'><strong>84.</strong></span> <span class='ocrx_word' id='word_1_271' title='bbox 1690 3334 1735 3370; x_wconf 82' lang='lat' dir='ltr'><strong>In</strong></span> <span class='ocrx_word' id='word_1_272' title='bbox 1746 3333 1819 3369; x_wconf 73' lang='lat' dir='ltr'><strong>viu</strong></span> <span class='ocrx_word' id='word_1_273' title='bbox 1844 3338 1917 3369; x_wconf 82' lang='lat' dir='ltr'><strong>tum</strong></span> <span class='ocrx_word' id='word_1_274' title='bbox 1942 3338 2003 3375; x_wconf 87' lang='lat' dir='ltr'><strong>tu,</strong></span> <span class='ocrx_word' id='word_1_275' title='bbox 2026 3341 2181 3377; x_wconf 71' lang='lat' dir='ltr'><strong>quac—-</strong></span> 
     </span>
     <span class='ocr_line' id='line_1_39' title="bbox 728 3383 1620 3431; baseline -0.006 -9"><span class='ocrx_word' id='word_1_276' title='bbox 728 3388 841 3423; x_wconf 77' lang='lat' dir='ltr'><strong>debet.</strong></span> <span class='ocrx_word' id='word_1_277' title='bbox 887 3386 960 3425; x_wconf 79' lang='lat' dir='ltr'><strong>Ed.</strong></span> <span class='ocrx_word' id='word_1_278' title='bbox 983 3388 1116 3424; x_wconf 77' lang='lat' dir='ltr'><strong>Ptine:</strong></span> <span class='ocrx_word' id='word_1_279' title='bbox 1141 3387 1185 3422; x_wconf 81' lang='lat' dir='ltr'><strong>in</strong></span> <span class='ocrx_word' id='word_1_280' title='bbox 1207 3385 1301 3429; x_wconf 77' lang='lat' dir='ltr'><strong>vita,</strong></span> <span class='ocrx_word' id='word_1_281' title='bbox 1328 3396 1416 3431; x_wconf 78' lang='lat' dir='ltr'><strong>quae</strong></span> <span class='ocrx_word' id='word_1_282' title='bbox 1434 3396 1487 3409; x_wconf 86' lang='grc'>-</span> <span class='ocrx_word' id='word_1_283' title='bbox 1508 3383 1620 3423; x_wconf 71' lang='lat' dir='ltr'><strong>debet„</strong></span> 
     </span>
    </p>
   </div>
  </div>
 </body>
</html>
