2436 4062
878 198 1405 264 PARADOXA.
1611 212 1625 218 ”
1903 205 1943 266 5-

363 346 488 411 ulla
524 368 630 430 spe
690 348 894 409 salutis
937 354 1111 409 suae?
1167 349 1334 433 Quae
1365 347 1452 410 vis
1480 348 1770 411 Coclitem
1800 372 1949 412 con-

360 445 452 490 tm
492 450 696 489 omnes
736 428 994 489 hostium
1037 430 1234 511 copias
1277 430 1468 491 tenuit
1508 430 1570 490 in
1620 448 1801 514 ponte
1836 454 1946 492 so·-

359 510 717 592 lum?'quae
759 527 989 592 patrem
1026 510 1310 586 Decium,
1354 533 1503 594 quae
1539 512 1728 572 filium
1761 513 1948 572 devo-

360 591 542 663 tavit,
575 607 751 673 atque
779 591 1022 651 immisit
1051 591 1111 650 in
1145 609 1394 652 armatas
1408 593 1681 675 hostium,
1702 593 1944 675 copias?

359 670 525 766 Quid
576 671 943 733 continentia
993 670 1065 730 C.
1125 671 1414 747 Fabricii,
1520 673 1624 733 uid
1676 674 1946 736 tenuitas

333 769 550 815 -vlctus
588 750 852 813 M’Curii
879 747 1268 835 sequebatur?
1352 695 1517 837 Quid
1544 755 1948 838 duopropug-

357 834 570 895 nacula
609 834 755 894 belli
798 832 1041 907 Punici,
1087 831 1198 892 Cn.
1244 850 1303 894 et
1341 834 1412 894 P.
1455 834 1793 917 ScipioneS,
1836 837 1941 920 qui

357 915 943 995 Karthaginiensium
1013 913 1338 975 adventum
1408 917 1754 997 corporibus
1822 919 1944 979 suis

356 994 873 1081 intercludendum
932 999 1350 1078 putaverunt?
1405 996 1552 1079 quid
1619 997 1947 1059 Africanus

355 1081 584 1162 major?
626 1078 772 1160 quid
818 1075 1055 1135 minor?
1097 1075 1244 1158 quid
1291 1077 1447 1136 inter
1472 1079 1690 1138 horum
1722 1095 1943 1140 aetates

352 1157 694 1238 interjectus
737 1156 889 1216 Cato
914 1161 973 1214 ¹?
1035 1155 1238 1238 Quid?
1282 1159 1746 1222 innumerabiles
1805 1159 1940 1234 alii,

353 1239 524 1314 (nam
547 1235 883 1299 domesticis
912 1237 1194 1319 exemplis
1218 1237 1615 1315 abundamus)
1629 1253 1652 1280 *1
1686 1240 1948 1324 cogitas-⁷

353 1338 447 1393 se,
503 1319 835 1403 quidquam
867 1317 930 1376 in
985 1316 1110 1379 vita
1166 1316 1279 1376 sibi
1336 1318 1791 1401 expetendum,
1827 1321 1943 1384 nisi

353 1402 516 1483 quod
555 1399 854 1466 laudabile
892 1415 1041 1459 esset
1083 1414 1142 1458 et
1168 1399 1536 1479 praeclarum
1558 1447 1574 1476 ,
1617 1402 1939 1463 videntur?

430 1481 557 1542 III.
598 1480 867 1543 Veniant
894 1479 1074 1559 igitur
1091 1480 1188 1540 isti
1213 1478 1477 1542 irrisores
1502 1482 1682 1565 hujus
1722 1483 1951 1543 oratio-

350 1561 476 1638 niS,
518 1559 986 1623 ac‘sententiae:
1045 1565 1265 1647 etujam
1319 1562 1418 1622 vel
1475 1562 1590 1645 ipsi
1646 1564 1945 1649 judicent,

330 1659 551 1710 ,utrum
590 1665 651 1703 se
691 1643 906 1702 horum
949 1639 1233 1726 alicujus,
1292 1641 1397 1724 qui
1429 1645 1773 1705 marmoreis
1817 1662 1946 1706 tec-

349 1723 459 1797 tis,
517 1725 733 1799 ebore,
791 1740 851 1783 et
907 1743 1052 1783 auro
1107 1723 1510 1808 fulgentibus,
1546 1727 1672 1808 ‚qui
1727 1726 1942 1807 signi5‚

394 1806 452 1866 ui
502 1805 752 1879 tabulis,
797 1802 899 1887 qui
942 1804 1170 1864 caelato
1213 1826 1358 1864 auro
1401 1821 1461 1866 et
1501 1823 1779 1887 argeum,
1840 1808 1945 1890 qui

349 1829 674 1949 gorinthiis
715 1884 992 1967 operibus
1033 1884 1373 1960 abundant,
1416 1909 1492 1947 an
1532 1886 1621 1946 C,
1646 1887 1944 1964 Fabricii,

349 1969 452 2052 qui
489 1968 642 2028 nihil
683 1987 888 2026 eorum
931 1966 1178 2040 habuit,
1231 1967 1384 2026 nihil
1440 1968 1659 2029 habere
1713 1970 1939 2042 voluit,

348 2048 567 2112 similes
606 2068 727 2108 esse
755 2046 1006 2106 malint?
1049 2047 1257 2129 Atque
1289 2047 1436 2107 haec
1462 2049 1705 2131 quidem
1730 2094 1748 2123 ,
1793 2074 1946 2134 quae

308 2175 315 2186 x
346 2130 531 2192 modo
555 2130 676 2189 huc
691 2172 708 2203 ,
733 2130 916 2189 modo
934 2127 1083 2186 illuc
1107 2127 1575 2205 transferuntur,
1619 2130 1793 2192 facile
1820 2134 1941 2192 adu

345 2212 485 2273 duci
526 2210 753 2284 solent,
817 2225 887 2268 ut
947 2208 1010 2266 in
1064 2207 1240 2268 rebus
1291 2209 1463 2270 bonis
1518 2232 1641 2271 esse
1693 2232 1940 2294 negent:

344 2288 501 2355 illud
540 2308 739 2353 tamen
781 2305 940 2350 arcte
987 2304 1228 2362 tenent,
1291 2308 1680 2375 accurateque
1723 2294 1941 2354 defen-'-

345 2377 529 2450 dunt,
571 2373 740 2435 volu.
765 2387 945 2432 tatem
987 2390 1107 2429 esse
1136 2391 1432 2430 summum
1462 2373 1736 2433 bonum.»
1766 2375 1938 2460 Quae

345 2456 587 2540 quidem
626 2454 708 2513 mi
752 2453 774 2511 i
815 2473 932 2515 vox
969 2451 1268 2534 pecudum
1305 2451 1543 2514 videtur
1598 2476 1757 2531 esse,
1818 2480 1940 2518 non
2014 2476 2017 2488 ’

343 2537 674 2599 hominum.
712 2534 866 2613 TI'u,
894 2555 1029 2594 cum
1055 2531 1165 2592 tibi
1201 2532 1325 2594 sive
1367 2534 1566 2610 Deus,
1598 2535 1721 2598 sive
1750 2556 1938 2600 mater

344 2621 445 2697 (ut
487 2619 572 2679 ita
598 2615 1053 2692 dicam)‘rerum
1081 2614 1381 2689 omn-ium,
1417 2633 1660 2692 natura,
1704 2618 1939 2679 dederit

341 2699 605 2762 animum
623 2743 640 2774 ‚
671 2718 790 2780 quo
804 2695 954 2755 nihil
987 2710 1073 2754 est
1102 2698 1528 2775 praestantius,
1552 2722 1743 2782 neque
1771 2701 1938 2762 divi-

339 2780 512 2854 niuS,
561 2779 645 2840 sic
703 2794 758 2838 te
812 2777 938 2861 ipse
994 2775 1274 2855 abjicies,
1328 2797 1508 2862 atque
1563 2797 1934 2862 prosternes,

314 2879 409 2925 'ut
431 2859 586 2924 nihil
615 2877 651 2902 2·
669 2860 830 2936 inter*⁴
859 2875 949 2935 te,
990 2873 1165 2940 atque
1196 2859 1642 2943 quadrupedem
1675 2863 1937 2945 aliquam

1765 2961 1943 3027 putes

388 3072 404 3095 1
435 3059 501 3095 Ed.
529 3061 663 3094 Przan
688 3058 861 3102 cogitasse
886 3055 1077 3099 quidquam
1101 3060 1264 3098 putamus
1303 3071 1374 3083 --
1403 3053 1576 3090 videtur?

434 3111 519 3144 Cod.
537 3110 594 3149 84.
609 3108 783 3151 cogitasse
806 3105 995 3149 quicquam
1020 3104 1059 3136 in
1088 3102 1162 3136 vita
1186 3101 1253 3135 sibi
1277 3113 1351 3135 esso
1373 3114 1458 3146 exp:
1492 3115 1540 3126 --
1568 3103 1708 3138 videm.-
1723 3107 1740 3138 ζ)

434 3159 518 3192 Cod.
553 3169 605 3190 10.
635 3167 680 3193 an
705 3156 877 3198 cogitasse
902 3152 939 3184 in
967 3150 1042 3184 vita
1069 3151 1259 3193 quidquam
1284 3150 1353 3184 sibi
1377 3162 1468 3195 exp:
1508 3156 1596 3191 csse,
1642 3153 1710 3186 nisi
1744 3152 1836 3197 quod
1848 3153 1932 3189 lau.

479 3206 595 3241 dabile
619 3211 655 3239 et
678 3204 902 3248 praeclarum
930 3205 1035 3237 esset,
1070 3199 1240 3232 videntur
1260 3200 1277 3229 '.’

386 3268 406 3292 2
434 3257 519 3292 Cod.
553 3265 606 3286 ιο.
634 3253 729 3287 inter
755 3258 786 3285 to,
814 3256 847 3282 et
874 3248 1132 3291 quadrupedem
1179 3246 1352 3299 aliquam‚·
1411 3246 1515 3282 Mox.
1575 3248 1631 3282 De
1673 3260 1740 3293 quo
1770 3248 1822 3292 is,
1865 3252 1927 3296 qui

477 3305 627 3343 habent,
654 3302 797 3336 honeste
820 3309 895 3333 non
920 3297 1026 3341 possit
1050 3295 1213 3338 glorian.

1069 3342 1211 3402 A5
