2392 4062
627 259 1024 321 CICERONIS
1066 260 1496 319 PARADOXA.
1824 266 1892 321 δι

370 401 481 462 Cui
500 401 732 458 tandem
754 403 849 459 hic
866 403 1043 460 libero
1086 433 1126 444 -
1167 402 1582 481 cupiditatibus
1621 402 1745 457 mie
1782 403 1897 459 im-

273 487 550 565 pemreYJ
591 489 757 545 Recte
792 488 1006 566 Sylvius
1043 510 1282 564 eumque
1306 505 1521 549 secutus
1546 489 1906 547 Gernhardus

286 592 623 635 monuerunt
639 617 658 649 ,
709 580 878 635 servis
916 581 1147 653 antiquo
1187 582 1308 650 jure
1335 580 1584 636 Romano
1615 599 1728 635 non
1756 578 1900 635 lieu-⁴

283 666 387 722 isse
422 664 700 739 *militare
788 667 1036 742 Uterque
1085 682 1266 724 tamen
1325 667 1424 723 vir
1460 666 1666 724 Doctus
1711 669 1901 727 eodem

282 773 468 812 errore
503 754 719 811 videtur
744 754 927 830 lapsus
947 795 967 827 ,
1023 755 1083 811 in
1106 753 1225 813 loco
1248 755 1368 815 Liv.
1411 755 1607 813 XXII.
1630 756 1722 830 57.
1770 777 1899 814 cum

280 842 362 901 ibi
399 862 500 898 nec
534 843 606 898 de
637 843 834 901 liberis
885 832 1122 916 agatur-,³
1167 863 1348 921 neque
1417 844 1487 899 de
1531 848 1729 902 servis.
1788 833 1900 902 Le·-

282 934 392 1006 gati
427 933 498 992 ab
532 933 777 990 Hierone
825 934 1058 992 Romam
1108 934 1293 1004 missi,
1346 935 1557 991 senatui
1605 934 1908 990 offerebant

279 1020 501 1080 levioris
539 1037 855 1079 armaturae
889 1022 1154 1093 auxilia,
1193 1021 1395 1100 quibus
1437 1037 1626 1077 contra
1670 1022 1903 1079 Baliares
2004 1030 2009 1042 '

282 1125 340 1168 et
370 1111 595 1175 Mauros
611 1150 631 1183 ‚
668 1131 807 1187 quos
842 1131 1027 1168 secum
1067 1110 1301 1170 duxerat
1334 1110 1641 1182 Hannibal,
1690 1126 1901 1168 uteren÷

206 1222 212 1229 ·
281 1214 392 1256 tur.
426 1198 511 1255 Ita
545 1199 606 1257 h·
644 1200 687 1257 l.
725 1201 906 1258 militi
939 1201 982 1256 i.
1017 1220 1067 1254 e.
1104 1215 1169 1258 ut
1217 1201 1403 1256 docuit
1453 1200 1706 1258 Dukerus
1726 1240 1747 1272 ,
1791 1223 1902 1278 pe·

278 1292 501 1349 ditibus
565 1303 742 1368 atque
797 1290 1088 1366 equitibus
1122 1289 1410 1346 Rom-anis
1444 1291 1762 1366 Latinique
1794 1311 1900 1346 no-

277 1381 457 1446 minis
519 1393 880 1457 opponuntur
945 1376 1175 1434 auxilia
1250 1385 1481 1432 externa
1494 1416 1514 1447 ,
1576 1397 1690 1435 non
1723 1379 1897 1434 servi.

278 1466 547 1540 Ejusdem
586 1488 719 1526 vero
762 1465 892 1523 libri
950 1463 1089 1541 Cap.
1139 1465 1230 1538 57.
1277 1464 1450 1521 refert
1490 1465 1677 1523 Livius
1691 1507 1714 1532 ,
1773 1482 1900 1543 post

275 1552 488 1617 cladem
539 1555 690 1632 apud
732 1554 949 1615 Cannas
963 1592 984 1625 ,
1046 1573 1231 1611 servos
1247 1592 1270 1621 ,
1343 1557 1544 1630 inopia
1589 1557 1898 1615 liberorum

274 1645 534 1717 capitum
547 1682 569 1716 ‚
643 1658 880 1700 armatos
943 1662 1079 1699 esse.
1159 1641 1245 1699 De.
1311 1644 1491 1705 Amic.
1558 1662 1649 1701 22.
1733 1647 1896 1704 »Pri-

275 1749 433 1787 mum
485 1750 519 1786 e
535 1731 659 1806 npi
675 1731 745 1786 di
761 1746 783 1786 t
801 1732 1039 1790 atibus
1086 1734 1155 1793 iis
1176 1771 1199 1805 ,
1254 1732 1455 1807 quibus
1515 1737 1682 1790 ceteri
1726 1739 1897 1793 servi-

274 1833 414 1891 um,
448 1819 887 1895 ·imperahun
904 1821 989 1876 ta·
1049 1819 1132 1878 De
1177 1821 1260 1878 Re
1292 1821 1456 1878 Puhl.
1481 1822 1535 1878 1.
1573 1823 1663 1879 34.
1712 1812 1892 1882 »cum

271 1906 355 1978 ir»,
393 1907 844 1984 quiimperat
884 1908 1053 1966 aliis
1073 1948 1094 1981 ,
1131 1912 1323 1972 serv'i
1341 1925 1364 1966 t
1396 1913 1551 1986 ipse
1600 1911 1741 1977 nulli
1775 1936 1891 1974 cu-

271 1994 461 2070 pidit
476 2016 508 2050 a
523 1997 640 2052 ti.''
683 1997 889 2052 ibidem
930 1997 1010 2056 11.
1050 1998 1140 2054 25.
1185 1996 1270 2056 De
1305 1998 1412 2056 Fin
1451 1999 1551 2057 111.
1583 2018 1673 2057 22.
1709 2004 1891 2061 »Rec—

271 2083 382 2138 tius
417 2085 567 2152 enim
600 2084 1096 2161 appellabitur
1129 2107 1229 2144 rex
1249 2127 1271 2161 ,
1306 2109 1479 2165 qnam
1513 2090 1888 2168 Tarquinius»,

267 2172 371 2246 qui
399 2192 502 2228 nec
537 2192 607 2230 se
622 2213 647 2241 ,
690 2193 793 2231 nec
824 2194 984 2232 suos
1040 2195 1228 2248 regere
1282 2179 1525 2252 potuit.”
1575 2180 1716 2237 vell.
1763 2183 1886 2241 Pat.

267 2256 345 2313 11.
380 2258 474 2316 48.
508 2269 580 2317 e'x
614 2261 832 2318 emend.
865 2262 1093 2319 Ruhnk.
1132 2263 1342 2338 »Cujus
1379 2268 1656 2325 insanis
1690 2275 1888 2348 cupi-

268 2344 343 2403 di
358 2348 634 2421 tatibus
682 2364 754 2424 et
802 2350 1102 2423 lihidijni
1119 2354 1246 2409 bus
1300 2374 1488 2430 neque,
1536 2377 1667 2432 opes
1702 2359 1843 2419 ullae
1864 2402 1886 2434 ,

269 2454 451 2512 neque
482 2437 786 2513 voluptates
821 2440 977 2494 suff
990 2442 1176 2497 icere
1212 2446 1496 2519 possentss'

337 2525 619 2600 Refrenet
641 2527 904 2601 primum
936 2528 1257 2604 libidinem]
1302 2531 1435 2604 Leg.
1488 2534 1622 2609 Agr.
1673 2536 1749 2592 11.
1791 2556 1881 2595 20.

269 2611 362 2668 »Ο
397 2612 779 2671 libidinem
823 2617 1366 2677 refrenandam”
1431 2623 1472 2677 i.
1520 2643 1572 2680 e.
1612 2626 1883 2683 cohiben-

265 2702 395 2759 dam
415 2742 435 2774 ‚
475 2704 823 2759 domandam.
880 2705 990 2760 Pro
1025 2708 1200 2763 Milon
1250 2708 1339 2765 28.
1354 2712 1395 2742 '²
1443 2710 1744 2789 Nunquam
1790 2717 1882 2772 ille

267 2811 300 2847 e
317 2791 672 2848 ffrenatas
707 2814 861 2850 suas
895 2793 1251 2854 libidines
1286 2799 1675 2861 cohibuisset.”
1712 2805 1871 2860 Verr.

267 2879 316 2937 Ι.
375 2881 462 2936 24.
518 2881 636 2936 »At
695 2883 1089 2941 indomitas
1154 2888 1602 2961 cupiditates
1669 2906 1883 2967 atque

268 2967 456 3024 effre
476 2989 556 3023 na
576 2984 679 3046 tas
699 2971 1016 3045 'habeban''

339 3057 713 3113 Iracundiam
773 3062 1003 3133 teneat]
1081 3060 1246 3118 conf.
1296 3063 1453 3122 Verr.
1507 3066 1606 3124 111.
1661 3087 1710 3124 1.
1768 3069 1880 3125 Pro

268 3144 495 3200 Marcel.
532 3144 586 3201 5.
626 3147 894 3203 Dedecus
932 3160 988 3204 et
1038 3153 1330 3224 turpitudo
1380 3158 1567 3226 juncta
1619 3156 1878 3229 leguntur

267 3233 427 3288 Verr.
466 3233 567 3289 ΙΙΙ.
619 3233 676 3290 4.
728 3235 905 3292 »Cum
953 3259 1167 3295 summo
1218 3241 1257 3296 d
1271 3261 1300 3296 e
1314 3241 1351 3298 d
1366 3263 1434 3298 ec
1448 3265 1480 3299 ο
1494 3266 1521 3299 r
1534 3265 1564 3301 e
1613 3267 1675 3301 ac
1729 3262 1752 3302 t
1764 3267 1802 3303 u
1816 3268 1877 3302 r—

265 3325 335 3398 pi
350 3323 502 3381 tudi
518 3324 661 3379 ne.''
719 3326 854 3381 ibid.
898 3327 986 3382 24.
1047 3327 1155 3384 Pro
1192 3327 1410 3386 Cluent.
1462 3331 1518 3386 4.
1600 3334 1762 3389 Auct.
1806 3335 1875 3388 ad

1711 3423 1869 3478 Herr.
