2392 4062
600 390 671 448 CI
687 391 1006 450 CERONIS
1044 391 1473 452 PARADOXA.
1807 396 1879 452 55

378 530 452 587 Π.
483 532 623 588 Cam
648 534 852 589 lentius
867 536 1274 610 disputantiam]
1302 537 1341 590 i.
1361 556 1410 590 e.
1439 534 1893 610 Philosophorrm

309 636 460 676 more
472 632 494 692 ,‘
529 624 801 693 tenuiter,
823 626 1040 699 jejune.
1079 623 1237 679 Orat.
1285 625 1368 679 14.
1408 625 1509 679 »In
1546 625 1648 679 hac
1681 625 1898 680 Aristo-

311 707 441 765 teles
487 709 842 766 adolescentes
859 750 878 782 ,
927 732 1039 767 non
1091 712 1159 765 ad
1203 712 1651 788 philosophorum
1691 734 1901 770 morem

310 799 624 866 tenuiter
659 800 981 870 disserendi,
1029 800 1123 855 sed
1147 800 1215 854 ad
1244 803 1455 875 copiam
1490 803 1804 873 rhetor-uni,
1840 804 1902 859 in

311 886 599 963 utramque
634 903 874 962 partem,
912 902 975 943 ut
1010 889 1250 943 ornatius
1287 903 1342 943 et
1378 890 1596 944 uberius
1632 890 1738 945 dici
1772 911 1905 964 pos·-

313 991 424 1046 set,
464 978 763 1032 exercuit.”
800 977 867 1030 de
902 975 1028 1030 Fin.
1066 976 1166 1030 ΙΠ.
1207 978 1261 1031 5.
1300 976 1481 1032 »Haec
1517 978 1775 1033 dicuntur
1799 979 1909 1034 for-

314 1079 450 1120 tasse
486 1067 829 1138 jejunius:
868 1079 996 1119 sunt
1019 1066 1166 1120 enim
1186 1095 1226 1108 -
1247 1067 1444 1140 quibus
1483 1067 1700 1121 ubertas
1735 1069 1908 1121 orati-

313 1158 433 1211 onis
483 1156 727 1211 adhiberi
775 1156 867 1209 vix
901 1155 1142 1228 potest.'’
1178 1152 1267 1208 Cf.
1303 1154 1443 1208 Ern.
1483 1153 1568 1209 Cl.
1609 1154 1724 1209 Cic.
1764 1154 1910 1209 Voce

315 1246 460 1300 lente
492 1259 548 1300 et
582 1236 798 1299 Gernh.
828 1243 899 1296 ad
932 1243 993 1298 h.
1032 1242 1073 1297 l.
1113 1256 1168 1296 et
1202 1243 1261 1295 in
1298 1242 1435 1296 add:
1473 1263 1597 1316 pag.
1636 1241 1763 1301 518.

395 1333 556 1405 Quae
587 1331 772 1397 verbis
807 1332 1123 1402 subtilium]
1157 1332 1197 1383 i.
1237 1349 1287 1383 e.
1326 1344 1390 1384 ut
1419 1330 1487 1384 de
1523 1330 1688 1401 Legg.
1725 1330 1824 1386 III.
1851 1330 1908 1385 6.

314 1418 494 1476 »Nam
514 1435 718 1490 veteres
737 1418 947 1494 (Stoici)
966 1439 998 1473 v
1014 1438 1043 1472 e
1056 1439 1084 1472 1·
1101 1419 1140 1471 b
1152 1438 1186 1472 o
1237 1431 1260 1472 t
1274 1436 1303 1471 e
1320 1438 1359 1471 n
1376 1437 1415 1472 u
1427 1438 1453 1472 s
1471 1449 1507 1460 -
1525 1418 1921 1473 disserebant.”

313 1511 423 1567 Pro
449 1510 654 1566 Scauro
690 1530 740 1564 1.
764 1508 890 1564 Non
914 1524 1068 1579 agam
1094 1506 1262 1577 igitur
1312 1527 1440 1561 cum
1475 1508 1575 1561 ista
1618 1506 1918 1568 ,Sardorum

314 1590 740 1674 conspiratione,
785 1612 841 1653 et
877 1616 1003 1651 cum
1037 1615 1289 1670 expresso
1328 1611 1383 1650 et
1404 1611 1587 1650 coacto
1617 1595 1928 1650 sollicitato-

315 1709 425 1765 que
447 1688 721 1763 perjurio‚
761 1673 1168 1756 subtiliter,
1205 1703 1306 1739 nec
1325 1705 1448 1740 acu
1470 1684 1735 1758 quaedam
1754 1703 1913 1737 enu-

317 1770 536 1833 cleata
573 1790 886 1848 argumenta
923 1775 1309 1850 conquiram.”
1358 1775 1547 1849 ibique
1580 1773 1772 1829 Heinr.
1818 1772 1909 1828 Cf.

317 1867 471 1924 Brut.
510 1885 565 1940 9.
604 1864 671 1919 de
707 1863 832 1919 Fin.
865 1863 913 1919 I.
948 1883 1004 1937 9.
1041 1863 1110 1919 de
1139 1863 1318 1920 Amic.
1347 1882 1379 1920 2
1400 1879 1456 1919 et
1478 1866 1532 1920 5.

327 1972 334 1978 ’
390 1971 553 2027 Num
591 1969 775 2024 ullam
816 1970 1220 2043 cogitationem
1249 2001 1289 2011 -
1319 1974 1548 2046 argenti
1584 1973 1666 2027 ad
1711 1959 1931 2028 avari-'

321 2060 508 2131 tiam]
543 2057 626 2113 De
650 2058 776 2112 Fin.
802 2058 876 2121 Π.
923 2075 1008 2130 19.
1046 2055 1233 2111 »Num
1268 2059 1433 2113 etiam
1466 2058 1664 2132 collega
1699 2060 1765 2114 P.
1802 2059 1920 2113 De-

320 2149 434 2202 cius
455 2179 495 2189 -
520 2146 725 2221 aliquid
779 2146 848 2201 de
895 2145 1385 2220 voluptatibjus
1439 2149 1579 2201 suis
1642 2150 1914 2218 cogita-
1939 2163 1949 2169 ”

320 2237 400 2290 ba
416 2234 514 2290 t?’'
565 2235 663 2306 ih.
696 2233 766 2287 V.
821 2251 910 2289 22.
958 2230 1134 2305 »Quis
1172 2247 1251 2285 est
1270 2271 1287 2302 ‚
1339 2234 1436 2306 qui
1472 2254 1585 2288 non
1619 2234 1882 2306 intelligat
1895 2275 1917 2306 ,

321 2338 378 2379 et
411 2343 501 2378 eos
523 2323 1022 2376 -immemores
1087 2319 1252 2373 fuisse
1306 2319 1551 2375 utilita
1567 2336 1709 2376 tum
1765 2344 1918 2378 sua—-

320 2413 530 2468 rum.’'
565 2410 924 2466 Ruhnkenius
960 2408 1028 2462 ad
1053 2406 1192 2462 Vell.
1224 2407 1298 2462 Π.
1355 2428 1441 2482 17.
1480 2408 1769 2481 legendum
1805 2432 1919 2466 esse

322 2515 504 2557 censet
520 2521 538 2572 ;
587 2500 839 2574 Argenti
883 2497 965 2553 ad
995 2498 1256 2552 divitias.
1320 2495 1538 2552 Schutz.
1602 2514 1791 2554 contra
1839 2501 1923 2554 ad

323 2589 637 2646 avaritiam
674 2584 904 2659 explicat
938 2586 1274 2658 explendam
1309 2586 1527 2642 scilicet.
1567 2587 1752 2661 Quem
1787 2591 1914 2644 vide

325 2677 415 2740 ad.
435 2676 508 2729 'h.
528 2675 570 2729 l.
591 2675 723 2728 Viro
741 2674 1045 2728 doctissimo
1065 2674 1244 2728 favere
1269 2688 1484 2753 poterat
1505 2676 1665 2732 Rosc.
1723 2678 1914 2732 Amor.

326 2769 416 2824 52.
469 2763 564 2820 »Si
606 2761 1030 2838 (Chrysogonus)
1078 2783 1190 2817 non
1218 2764 1344 2818 satis
1363 2764 1529 2819 habet
1554 2786 1583 2819 a
1597 2787 1631 2820 v
1645 2787 1672 2819 a
1687 2768 1742 2820 ri
1756 2768 1807 2821 ti
1820 2788 1850 2820 a
1862 2788 1921 2821 m

325 2854 513 2911 suam
551 2852 837 2927 pecunia
860 2850 1059 2924 exple
1074 2851 1203 2905 re.''
1219 2852 1360 2922 Lege
1380 2854 1532 2908 Man.
1562 2853 1645 2909 14.
1669 2856 1925 2930 »Pompe-

326 2946 447 3017 jum
469 2963 582 2998 non
603 2962 634 2994 a
647 2960 680 2995 v
693 2960 721 2994 a
735 2941 792 2994 ri
806 2954 827 2993 t
838 2941 857 2993 i
870 2960 899 2992 a
927 2939 996 2992 ab
1016 2939 1263 2994 instituto
1281 2960 1444 2995 cursu
1463 2942 1531 2996 ad
1555 2945 1812 3016 praedam
1835 2944 1923 2998 ali-

330 3051 498 3109 quam
542 3030 852 3099 devocavit,
902 3048 1014 3082 non
1063 3025 1292 3082 libido
1343 3029 1413 3082 ad
1461 3029 1666 3104 volup
1681 3045 1738 3085 ta
1754 3046 1920 3104 tem,

330 3139 446 3174 non
482 3117 869 3172 amoenitas
907 3115 976 3168 ad
1025 3114 1368 3172 delectati
1386 3121 1640 3173 onem.’'
1691 3122 1923 3194 Epulae

330 3208 589 3262 dicuntur
623 3204 692 3259 de
727 3205 975 3259 convivio
1010 3203 1259 3259 lautiore.
1300 3205 1389 3260 Cf.
1414 3206 1644 3262 Forcell.
1673 3209 1733 3262 in
1755 3231 1886 3266 voce
1901 3252 1921 3284 ,

333 3310 390 3353 et
418 3292 588 3350 Goer.
628 3292 696 3346 ad
731 3292 798 3346 de
837 3292 963 3346 Fin.
1002 3293 1077 3346 ΙΙ.
1118 3292 1213 3348 28.

406 3384 615 3440 Ponite
628 3391 757 3436 ante
769 3382 1002 3452 oculum]
1024 3383 1063 3435 i.
1083 3400 1131 3435 e.
1157 3381 1264 3436 Pro
1275 3382 1419 3453 Rege
1430 3382 1528 3455 Dej
1534 3398 1609 3439 ot.
1633 3405 1655 3439 1
1664 3385 1716 3439 5.
1741 3386 1821 3439 »P
1833 3408 1861 3440 ι·
1872 3408 1927 3442 o·

336 3493 374 3548 p
387 3492 418 3529 o
432 3493 470 3529 n
483 3491 511 3527 e
562 3471 662 3527 tibi
706 3469 840 3526 duos
889 3488 1036 3541 reges
1050 3509 1068 3541 ,
1120 3483 1174 3523 et
1222 3470 1277 3524 id
1315 3473 1494 3530 animo
1530 3475 1894 3550 contemplare
1909 3516 1928 3546 ,

1098 3555 1143 3610 C
1183 3574 1212 3612 2
1795 3563 1944 3637 quod
