2392 4062
587 389 659 443 36
690 436 691 439 ,
972 388 1663 451 ANIMADVERSIONES
1699 395 1775 449 [Ν

562 527 710 601 quod
747 527 913 581 oculis
949 546 1060 581 non
1097 537 1268 601 potes.
1308 529 1615 586 Promiscue
1651 551 1982 608 usurpantur
2018 557 2145 593 ver-

555 616 623 669 ha
654 635 889 687 ponere,
919 635 1266 687 proponere,
1315 611 1558 673 statuere
1580 657 1597 687 ‚
1655 625 1983 678 constituere
2019 637 2150 680 ante

559 704 769 756 ocul03.
820 700 911 755 Cf.
950 701 1112 757 Auct.
1152 703 1221 757 ad
1255 702 1386 758 Her.
1424 704 1520 759 IV.
1560 705 1649 760 56.
1688 706 1755 762 de
1792 708 1947 766 Orat.
1980 711 2028 766 Ι.
2054 714 2144 785 57.

556 788 701 843 Part.
744 785 899 841 Orat.
940 788 992 842 6.
1032 803 1133 862 pro
1168 790 1338 845 Mare.
1382 807 1433 846 2.
1470 793 1655 865 ibique
1690 791 1825 850 Ern.

634 876 832 931 Vultis
869 899 909 932 a
930 878 1176 932 Romulo
1189 876 1239 949 ?]
1269 876 1498 948 Elegans
1527 878 1724 952 ellipsis
1750 901 1850 955 pro
1875 883 2144 957 incipere?

556 962 703 1036 quod
738 964 985 1020 nonnulli
1016 963 1242 1020 addunt.
1276 965 1362 1020 Sic
1383 967 1687 1041 loquuntur
1710 971 1975 1026 omittitur
1997 973 2140 1028 Phil.

550 1049 597 1105 Ι.
657 1070 738 1106 11.
784 1051 925 1108 »Sed
965 1054 1130 1108 iidem
1178 1050 1256 1106 illi
1310 1054 1386 1109 ita
1422 1055 1707 1109 mecum:''
1742 1056 1883 1112 Phil.
1922 1059 2041 1114 VII.
2084 1061 2140 1114 6.

548 1137 723 1210 »Quis
790 1161 1034 1216 unquam
1083 1160 1268 1197 omnes
1319 1140 1531 1200 tribus?
1593 1144 1713 1216 quis
1745 1174 1783 1184 -
1811 1143 2144 1200 militares?''

545 1227 641 1280 ubi
703 1230 958 1285 omissum
1017 1243 1127 1298 est,
1198 1229 1400 1285 habuit
1458 1230 1519 1283 in
1558 1231 1884 1303 potestate?
1933 1230 2022 1288 Cf.
2071 1233 2142 1288 ad

541 1329 836 1388 utrumque
871 1316 1052 1371 locum
1097 1318 1476 1373 Garatonim.

615 1405 763 1458 Post
789 1405 1029 1459 liberam
1063 1405 1454 1475 civitatem]
1437 1426 1475 1457 ι.
1516 1422 1566 1458 e.
1607 1405 1848 1461 liberam
1867 1407 2134 1480 faciani,
2204 1423 2206 1425 ’

547 1490 866 1546 liberatam.
906 1492 974 1547 de
1009 1493 1091 1546 Re
1126 1491 1286 1546 Publ.
1325 1491 1398 1545 Π.
1439 1491 1524 1546 26.
1564 1490 1713 1564 »Qui
1761 1495 1925 1550 etiam
1957 1495 2135 1552 lihe-

546 1598 574 1630 r
588 1598 616 1630 a
633 1593 654 1631 t
668 1599 697 1631 a
723 1581 830 1647 jam
850 1579 1021 1634 civit
1035 1601 1064 1634 a
1082 1595 1146 1634 te
1165 1579 1554 1634 dominationes
1569 1580 2006 1652 appetiverunt.”
2024 1581 2134 1638 Pro

545 1663 663 1718 Mil.
703 1664 757 1719 3.
797 1666 912 1720 »M.
951 1666 1237 1736 HoratiuS,
1277 1666 1406 1741 qui,
1444 1664 1687 1720 nondum
1709 1665 1933 1723 libera
1961 1671 2131 1726 eivi-

542 1766 603 1810 ta
621 1767 684 1807 te
701 1791 718 1821 ,
758 1767 935 1808 tamen
963 1755 1152 1828 populi
1176 1754 1406 1808 Romani
1426 1755 1681 1807 centuriis
1705 1753 1961 1810 liberatus
1989 1760 2131 1812 est.''

539 1838 682 1893 Phil.
721 1841 793 1895 ΙΙ.
832 1841 922 1895 45.
961 1841 1149 1915 »Quid
1184 1839 1394 1896 multa?
1432 1839 1682 1896 attulerat
1708 1844 1818 1911 jam
1851 1842 2130 1902 liberae

540 1929 819 1982 civitati
855 1932 1055 2002 partim
1090 1943 1271 1998 metu,
1309 1930 1509 2002 partim
1543 1929 1799 2001 patientia
1836 1946 2127 2000 consuetu·-

537 2015 719 2083 dinem
756 2016 1082 2072 serviendi.”
1108 2016 1195 2070 Sic
1219 2012 1363 2089 apud
1386 2016 1601 2070 Livium
1626 2015 1698 2069 Π.
1745 2033 1827 2071 12.
1853 2017 2126 2093 »Populus

537 2105 855 2159 serviens
892 2126 1018 2158 cum
1039 2105 1139 2159 sub
1172 2105 1385 2175 regibus
1412 2118 1547 2158 esset
1566 2103 1625 2174 ‚'’
1659 2105 1987 2178 opponitur,
2010 2127 2120 2180 po-

526 2192 668 2266 pulo
724 2193 940 2255 libero,
993 2206 1116 2265 post
1164 2212 1311 2261 reges
1359 2205 1592 2244 exactos.
1645 2189 1773 2245 Sall.
1828 2192 1890 2246 B.
1947 2193 2011 2248 C.
2064 2214 2118 2267 7.

539 2277 681 2333 »Sed
731 2281 984 2334 civitas-
1019 2279 1271 2352 adeptffa
1319 2276 1723 2333 libertate.''
1781 2280 1820 2334 i.
1871 2299 1920 2335 e.
1972 2284 2119 2354 regio

443 2387 445 2389 ’
528 2366 755 2439 imperio
791 2366 1019 2420 sublato.

609 2452 828 2523 Quibus
864 2453 1091 2507 tandem
1119 2451 1403 2525 gradibus
1440 2451 1723 2512 Romulus
1759 2454 2009 2510 escendit
2051 2457 2115 2511 in

526 2537 843 2611 coelam?'']
881 2538 947 2593 de
982 2539 1063 2593 Re
1099 2538 1258 2594 Publ.
1284 2539 1331 2593 Ι.
1364 2540 1446 2593 16.
1471 2539 1544 2594 II.
1582 2560 1665 2595 10.
1692 2541 1761 2595 de
1781 2539 1910 2598 Nat.
1946 2542 2112 2602 Deor.

526 2626 598 2680 II.
641 2626 728 2682 24.
768 2624 1047 2700 »Suscepit
1082 2640 1264 2681 autem
1299 2627 1409 2680 vita
1438 2627 1724 2681 hominum
1748 2630 2111 2686 consuetudo·-

527 2736 635 2791 que
680 2717 1009 2785 communi5‚
1061 2731 1125 2770 ut
1172 2715 1445 2770 beneficiis
1497 2714 1814 2770 excellentes
1864 2719 2004 2772 viros
2050 2721 2110 2773 in

524 2803 734 2858 coelum
768 2804 909 2857 fama
934 2811 1005 2857 'ac
1043 2801 1317 2857 voluntate
1353 2802 1663 2857 tollerent.''
1703 2802 1953 2856 Tandem
1987 2824 2119 2858 sae--

524 2891 645 2964 pius
682 2891 895 2946 additur
931 2891 1456 2960 interrogationibus.
1504 2888 1678 2942 Parad
1714 2888 1807 2942 VI.
1838 2889 1893 2943 3.
1932 2882 2107 2947 »Pau-

520 2999 619 3052 per
642 2979 915 3033 tandem
936 2978 1040 3032 fuit
1055 2977 1120 3031 ?”
1156 2978 1311 3032 Verr.
1335 2977 1430 3030 IV.
1465 2995 1548 3032 12.
1575 2976 1811 3030 »Utrum
1836 2979 2105 3035 tandem

521 3067 816 3137 abstulisti,
856 3088 925 3121 an
961 3065 1208 3121 emisti?”
1236 3064 1448 3119 Gernh.
1485 3063 1614 3135 legit
1642 3066 1951 3142 adscendit.
1990 3065 2103 3123 Nos

518 3155 796 3225 vulgatum
843 3156 1180 3209 retinuimuS.
1236 3153 1324 3206 Cf.
1360 3149 1542 3219 firon.
1583 3167 1636 3208 et
1671 3152 1836 3209 Drak.
1870 3155 1944 3208 ad
1977 3155 2096 3210 Liv.

446 3307 451 3311 .
513 3242 585 3295 Il.
630 3231 714 3296 23.
762 3256 816 3296 et
853 3240 1043 3296 Garat.
1083 3242 1150 3294 ad
1185 3240 1338 3294 Phil.·
1367 3240 1438 3293 Π.
1478 3239 1567 3294 54.

594 3330 900 3400 Capedines
957 3352 1025 3384 ac
1055 3329 1270 3401 fictiles
1303 3328 1582 3399 urnulas]
1622 3329 1741 3382 vide
1777 3326 1988 3382 Gernh.
2027 3327 2095 3382 ad

512 3418 569 3470 h.
610 3415 650 3470 l.
690 3431 742 3470 et
779 3415 959 3470 Celeb.
1002 3416 1249 3470 Creuzer.
1292 3414 1357 3467 ad
1395 3412 1464 3468 N.
1503 3414 1573 3470 D.
1614 3416 1710 3469 ΙΙΙ.
1758 3437 1839 3487 17.

1915 3502 2093 3559 Omit-
