<?xml version="1.0" encoding="UTF-8"?>
<!DOCTYPE html PUBLIC "-//W3C//DTD XHTML 1.0 Transitional//EN"
    "http://www.w3.org/TR/xhtml1/DTD/xhtml1-transitional.dtd">
<html xmlns="http://www.w3.org/1999/xhtml" xml:lang="en" lang="en">
 <head>
  <title>
</title>
<meta http-equiv="Content-Type" content="text/html;charset=utf-8" />
  <meta name='ocr-system' content='tesseract 3.04.00' />
  <meta name='ocr-capabilities' content='ocr_page ocr_carea ocr_par ocr_line ocrx_word'/>
</head>
<body>
  <div class='ocr_page' id='page_1' title='image "./paradoxaparadoxa00ciceuoft_0077.png"; bbox 0 0 2392 4062; ppageno 0'>
   <div class='ocr_carea' id='block_1_1' title="bbox 630 261 1868 324">
    <p class='ocr_par' dir='ltr' id='par_1_1' title="bbox 630 261 1868 324">
     <span class='ocr_line' id='line_1_1' title="bbox 630 261 1868 324; baseline 0.004 -5"><span class='ocrx_word' id='word_1_1' title='bbox 630 261 1023 323; x_wconf 87' lang='lat' dir='ltr'>CICERONIS</span> <span class='ocrx_word' id='word_1_2' title='bbox 1070 262 1502 324; x_wconf 75' lang='lat' dir='ltr'><strong>PARADOXA.</strong></span> <span class='ocrx_word' id='word_1_3' title='bbox 1796 268 1868 324; x_wconf 76' lang='lat'><strong>65</strong></span> 
     </span>
    </p>
   </div>
   <div class='ocr_carea' id='block_1_2' title="bbox 271 392 1873 660">
    <p class='ocr_par' dir='ltr' id='par_1_2' title="bbox 271 392 1873 660">
     <span class='ocr_line' id='line_1_2' title="bbox 272 392 1868 479; baseline 0.002 -20"><span class='ocrx_word' id='word_1_4' title='bbox 272 401 677 460; x_wconf 76' lang='lat' dir='ltr'><strong>nemine&#39;m.&#39;’</strong></span> <span class='ocrx_word' id='word_1_5' title='bbox 714 405 782 460; x_wconf 87' lang='lat' dir='ltr'><strong>de</strong></span> <span class='ocrx_word' id='word_1_6' title='bbox 814 403 941 461; x_wconf 87' lang='lat' dir='ltr'><strong>Sen.</strong></span> <span class='ocrx_word' id='word_1_7' title='bbox 980 407 1037 462; x_wconf 87' lang='lat'><strong>4.</strong></span> <span class='ocrx_word' id='word_1_8' title='bbox 1085 407 1210 463; x_wconf 86' lang='lat' dir='ltr'><strong>»illo</strong></span> <span class='ocrx_word' id='word_1_9' title='bbox 1240 392 1537 479; x_wconf 80' lang='lat' dir='ltr'><strong>exstinct0‚</strong></span> <span class='ocrx_word' id='word_1_10' title='bbox 1571 406 1723 477; x_wconf 83' lang='lat' dir='ltr'><strong>fore,</strong></span> <span class='ocrx_word' id='word_1_11' title='bbox 1757 424 1868 462; x_wconf 85' lang='lat' dir='ltr'><strong>un·-</strong></span> 
     </span>
     <span class='ocr_line' id='line_1_3' title="bbox 272 491 1868 573; baseline 0.001 -25"><span class='ocrx_word' id='word_1_12' title='bbox 272 491 342 548; x_wconf 91' lang='lat' dir='ltr'><strong>de</strong></span> <span class='ocrx_word' id='word_1_13' title='bbox 380 491 672 564; x_wconf 77' lang='lat' dir='ltr'><strong>discerem,</strong></span> <span class='ocrx_word' id='word_1_14' title='bbox 742 497 1146 551; x_wconf 85' lang='lat' dir='ltr'><strong>neminem.&#39;’</strong></span> <span class='ocrx_word' id='word_1_15' title='bbox 1202 497 1268 551; x_wconf 90' lang='lat' dir='ltr'><strong>de</strong></span> <span class='ocrx_word' id='word_1_16' title='bbox 1319 499 1398 552; x_wconf 85' lang='lat' dir='ltr'><strong>Re</strong></span> <span class='ocrx_word' id='word_1_17' title='bbox 1453 495 1616 573; x_wconf 64' lang='lat' dir='ltr'><strong>Publ.</strong></span> <span class='ocrx_word' id='word_1_18' title='bbox 1634 523 1637 541; x_wconf 73' lang='lat' dir='ltr'><em>s</em></span> <span class='ocrx_word' id='word_1_19' title='bbox 1655 494 1729 551; x_wconf 89' lang='lat'><strong>11.</strong></span> <span class='ocrx_word' id='word_1_20' title='bbox 1777 497 1868 553; x_wconf 87' lang='lat'><strong>25.</strong></span> 
     </span>
     <span class='ocr_line' id='line_1_4' title="bbox 271 579 1873 660; baseline 0.002 -23"><span class='ocrx_word' id='word_1_21' title='bbox 271 579 491 638; x_wconf 78' lang='lat' dir='ltr'><strong>»docuit</strong></span> <span class='ocrx_word' id='word_1_22' title='bbox 503 621 522 653; x_wconf 92' lang='lat'><em>‚</em></span> <span class='ocrx_word' id='word_1_23' title='bbox 561 583 620 636; x_wconf 89' lang='lat' dir='ltr'><strong>in</strong></span> <span class='ocrx_word' id='word_1_24' title='bbox 666 584 1034 639; x_wconf 84' lang='lat' dir='ltr'><strong>conservanda</strong></span> <span class='ocrx_word' id='word_1_25' title='bbox 1070 586 1271 640; x_wconf 82' lang='lat' dir='ltr'><strong>civium</strong></span> <span class='ocrx_word' id='word_1_26' title='bbox 1315 585 1562 642; x_wconf 85' lang='lat' dir='ltr'><strong>libertate</strong></span> <span class='ocrx_word' id='word_1_27' title='bbox 1602 603 1714 640; x_wconf 85' lang='lat' dir='ltr'><strong>esse</strong></span> <span class='ocrx_word' id='word_1_28' title='bbox 1747 585 1873 660; x_wconf 86' lang='lat' dir='ltr'><strong>pri-</strong></span> 
     </span>
    </p>
   </div>
   <div class='ocr_carea' id='block_1_3' title="bbox 178 663 1871 729">
    <p class='ocr_par' dir='ltr' id='par_1_3' title="bbox 178 663 1871 729">
     <span class='ocr_line' id='line_1_5' title="bbox 178 663 1871 729; baseline 0.001 -4"><span class='ocrx_word' id='word_1_29' title='bbox 178 663 186 670; x_wconf 75' lang='lat'>&#39;</span> <span class='ocrx_word' id='word_1_30' title='bbox 279 681 470 725; x_wconf 76' lang='lat' dir='ltr'><strong>vatum</strong></span> <span class='ocrx_word' id='word_1_31' title='bbox 506 673 923 729; x_wconf 90' lang='lat' dir='ltr'><strong>neminem.”</strong></span> <span class='ocrx_word' id='word_1_32' title='bbox 958 672 1026 726; x_wconf 82' lang='lat' dir='ltr'><strong>ad</strong></span> <span class='ocrx_word' id='word_1_33' title='bbox 1051 672 1176 728; x_wconf 87' lang='lat' dir='ltr'><strong>Div.</strong></span> <span class='ocrx_word' id='word_1_34' title='bbox 1203 674 1295 728; x_wconf 90' lang='lat' dir='ltr'><strong>VI.</strong></span> <span class='ocrx_word' id='word_1_35' title='bbox 1336 694 1383 729; x_wconf 87' lang='lat'><strong>1.</strong></span> <span class='ocrx_word' id='word_1_36' title='bbox 1412 689 1525 729; x_wconf 86' lang='lat' dir='ltr'><strong>ext.</strong></span> <span class='ocrx_word' id='word_1_37' title='bbox 1545 672 1747 729; x_wconf 88' lang='lat' dir='ltr'><strong>ibidem</strong></span> <span class='ocrx_word' id='word_1_38' title='bbox 1784 691 1871 729; x_wconf 77' lang='grc' dir='ltr'><strong>ιι.</strong></span> 
     </span>
    </p>
   </div>
   <div class='ocr_carea' id='block_1_4' title="bbox 228 759 1871 1630">
    <p class='ocr_par' dir='ltr' id='par_1_4' title="bbox 269 759 1868 927">
     <span class='ocr_line' id='line_1_6' title="bbox 269 759 1868 838; baseline 0.001 -23"><span class='ocrx_word' id='word_1_39' title='bbox 269 773 368 816; x_wconf 79' lang='lat' dir='ltr'><strong>»ut</strong></span> <span class='ocrx_word' id='word_1_40' title='bbox 397 759 521 835; x_wconf 87' lang='lat' dir='ltr'><strong>plus</strong></span> <span class='ocrx_word' id='word_1_41' title='bbox 565 761 793 818; x_wconf 83' lang='lat' dir='ltr'><strong>debeam</strong></span> <span class='ocrx_word' id='word_1_42' title='bbox 837 763 1169 820; x_wconf 86' lang='lat' dir='ltr'><strong>nemini.”</strong></span> <span class='ocrx_word' id='word_1_43' title='bbox 1227 782 1368 838; x_wconf 84' lang='lat' dir='ltr'><strong>quae</strong></span> <span class='ocrx_word' id='word_1_44' title='bbox 1411 763 1572 820; x_wconf 80' lang='lat' dir='ltr'><strong>verba</strong></span> <span class='ocrx_word' id='word_1_45' title='bbox 1611 776 1755 817; x_wconf 86' lang='lat' dir='ltr'><strong>recte</strong></span> <span class='ocrx_word' id='word_1_46' title='bbox 1790 761 1868 816; x_wconf 79' lang='lat' dir='ltr'><strong>sic</strong></span> 
     </span>
     <span class='ocr_line' id='line_1_7' title="bbox 269 847 1149 927; baseline 0.001 -22"><span class='ocrx_word' id='word_1_47' title='bbox 269 847 545 906; x_wconf 83' lang='lat' dir='ltr'><strong>ordinavit</strong></span> <span class='ocrx_word' id='word_1_48' title='bbox 581 851 818 927; x_wconf 79' lang='lat' dir='ltr'><strong>Martyni</strong></span> <span class='ocrx_word' id='word_1_49' title='bbox 842 883 880 893; x_wconf 88' lang='lat'>-</span> <span class='ocrx_word' id='word_1_50' title='bbox 906 851 1149 922; x_wconf 80' lang='lat' dir='ltr'><strong>Laguna.</strong></span> 
     </span>
    </p>

    <p class='ocr_par' dir='ltr' id='par_1_5' title="bbox 228 938 1871 1630">
     <span class='ocr_line' id='line_1_8' title="bbox 294 938 1868 1015; baseline -0.001 -21"><span class='ocrx_word' id='word_1_51' title='bbox 294 980 298 986; x_wconf 78' lang='lat'>-</span> <span class='ocrx_word' id='word_1_52' title='bbox 348 939 469 1008; x_wconf 83' lang='lat' dir='ltr'><strong>Qui</strong></span> <span class='ocrx_word' id='word_1_53' title='bbox 493 950 643 996; x_wconf 81' lang='lat' dir='ltr'><strong>recta</strong></span> <span class='ocrx_word' id='word_1_54' title='bbox 678 940 980 1015; x_wconf 61' lang='lat' dir='ltr'><strong>aequitum]</strong></span> <span class='ocrx_word' id='word_1_55' title='bbox 1015 938 1218 994; x_wconf 87' lang='lat' dir='ltr'><strong>Contra</strong></span> <span class='ocrx_word' id='word_1_56' title='bbox 1235 978 1256 1010; x_wconf 86' lang='lat'>‚</span> <span class='ocrx_word' id='word_1_57' title='bbox 1292 940 1389 1014; x_wconf 83' lang='lat' dir='ltr'><strong>qui</strong></span> <span class='ocrx_word' id='word_1_58' title='bbox 1423 958 1588 1015; x_wconf 84' lang='lat' dir='ltr'><strong>prava</strong></span> <span class='ocrx_word' id='word_1_59' title='bbox 1624 955 1868 1014; x_wconf 83' lang='lat' dir='ltr'><strong>sequun-</strong></span> 
     </span>
     <span class='ocr_line' id='line_1_9' title="bbox 271 1027 1868 1102; baseline -0.002 -18"><span class='ocrx_word' id='word_1_60' title='bbox 271 1040 393 1099; x_wconf 78' lang='lat' dir='ltr'><strong>tur,</strong></span> <span class='ocrx_word' id='word_1_61' title='bbox 449 1027 710 1084; x_wconf 89' lang='lat' dir='ltr'><strong>dicuntur</strong></span> <span class='ocrx_word' id='word_1_62' title='bbox 749 1047 1014 1102; x_wconf 79' lang='lat' dir='ltr'><strong><em>quaerere</em></strong></span> <span class='ocrx_word' id='word_1_63' title='bbox 1049 1028 1419 1083; x_wconf 75' lang='lat' dir='ltr'><em>Maeandros.</em></span> <span class='ocrx_word' id='word_1_64' title='bbox 1457 1028 1521 1081; x_wconf 91' lang='lat' dir='ltr'><strong>In</strong></span> <span class='ocrx_word' id='word_1_65' title='bbox 1554 1027 1737 1082; x_wconf 85' lang='lat' dir='ltr'><strong>Pison.</strong></span> <span class='ocrx_word' id='word_1_66' title='bbox 1776 1043 1868 1083; x_wconf 85' lang='grc'><strong>22.</strong></span> 
     </span>
     <span class='ocr_line' id='line_1_10' title="bbox 269 1115 1865 1192; baseline -0.003 -19"><span class='ocrx_word' id='word_1_67' title='bbox 269 1137 443 1192; x_wconf 85' lang='lat' dir='ltr'><strong>»quos</strong></span> <span class='ocrx_word' id='word_1_68' title='bbox 466 1131 588 1173; x_wconf 90' lang='lat' dir='ltr'><strong>tum</strong></span> <span class='ocrx_word' id='word_1_69' title='bbox 622 1115 942 1172; x_wconf 85' lang='lat' dir='ltr'><strong>Maeandros</strong></span> <span class='ocrx_word' id='word_1_70' title='bbox 958 1147 996 1157; x_wconf 92' lang='lat'><em>—</em></span> <span class='ocrx_word' id='word_1_71' title='bbox 1012 1115 1165 1170; x_wconf 90' lang='lat' dir='ltr'><strong>dum</strong></span> <span class='ocrx_word' id='word_1_72' title='bbox 1197 1135 1383 1170; x_wconf 88' lang='lat' dir='ltr'><strong>omnes</strong></span> <span class='ocrx_word' id='word_1_73' title='bbox 1406 1115 1719 1171; x_wconf 85' lang='lat' dir='ltr'><strong>solitudines</strong></span> <span class='ocrx_word' id='word_1_74' title='bbox 1737 1135 1865 1189; x_wconf 79' lang='lat' dir='ltr'><strong>per·</strong></span> 
     </span>
     <span class='ocr_line' id='line_1_11' title="bbox 228 1201 1870 1281; baseline -0.003 -21"><span class='ocrx_word' id='word_1_75' title='bbox 228 1231 239 1236; x_wconf 55' lang='lat'><em>2</em></span> <span class='ocrx_word' id='word_1_76' title='bbox 267 1205 540 1281; x_wconf 64' lang='lat' dir='ltr'><strong>sequeris»,</strong></span> <span class='ocrx_word' id='word_1_77' title='bbox 578 1223 720 1280; x_wconf 85' lang='lat' dir='ltr'><strong>quae</strong></span> <span class='ocrx_word' id='word_1_78' title='bbox 754 1203 1070 1260; x_wconf 82' lang='lat' dir='ltr'><strong>diverticula</strong></span> <span class='ocrx_word' id='word_1_79' title='bbox 1119 1204 1485 1277; x_wconf 87' lang='lat' dir='ltr'><strong>flexionesque</strong></span> <span class='ocrx_word' id='word_1_80' title='bbox 1524 1201 1870 1278; x_wconf 63' lang='lat' dir='ltr'><strong>quaesistiP’.</strong></span> 
     </span>
     <span class='ocr_line' id='line_1_12' title="bbox 267 1287 1868 1362; baseline -0.001 -14"><span class='ocrx_word' id='word_1_81' title='bbox 267 1290 435 1349; x_wconf 81' lang='lat' dir='ltr'><strong>conf.</strong></span> <span class='ocrx_word' id='word_1_82' title='bbox 462 1292 631 1349; x_wconf 81' lang='lat' dir='ltr'><strong>Face.</strong></span> <span class='ocrx_word' id='word_1_83' title='bbox 653 1294 712 1348; x_wconf 88' lang='lat' dir='ltr'><strong>in</strong></span> <span class='ocrx_word' id='word_1_84' title='bbox 737 1291 912 1349; x_wconf 82' lang='lat' dir='ltr'><strong>lexico</strong></span> <span class='ocrx_word' id='word_1_85' title='bbox 943 1305 999 1347; x_wconf 87' lang='lat' dir='ltr'><strong>et</strong></span> <span class='ocrx_word' id='word_1_86' title='bbox 1030 1290 1250 1362; x_wconf 82' lang='lat' dir='ltr'><strong>Schutz.</strong></span> <span class='ocrx_word' id='word_1_87' title='bbox 1279 1290 1402 1345; x_wconf 88' lang='lat' dir='ltr'><strong>Ind.</strong></span> <span class='ocrx_word' id='word_1_88' title='bbox 1430 1290 1573 1346; x_wconf 88' lang='lat' dir='ltr'><strong>Hist.</strong></span> <span class='ocrx_word' id='word_1_89' title='bbox 1610 1305 1664 1345; x_wconf 90' lang='lat' dir='ltr'><strong>et</strong></span> <span class='ocrx_word' id='word_1_90' title='bbox 1689 1287 1868 1362; x_wconf 83' lang='lat' dir='ltr'><strong>Geog.</strong></span> 
     </span>
     <span class='ocr_line' id='line_1_13' title="bbox 266 1379 1871 1451; baseline -0.001 -17"><span class='ocrx_word' id='word_1_91' title='bbox 266 1379 327 1435; x_wconf 86' lang='lat' dir='ltr'><strong>in</strong></span> <span class='ocrx_word' id='word_1_92' title='bbox 369 1398 521 1438; x_wconf 81' lang='lat' dir='ltr'><strong>voce.</strong></span> <span class='ocrx_word' id='word_1_93' title='bbox 578 1380 848 1437; x_wconf 85' lang='lat' dir='ltr'><strong>Particula</strong></span> <span class='ocrx_word' id='word_1_94' title='bbox 894 1380 1035 1436; x_wconf 81' lang='lat' dir='ltr'><strong>dum.</strong></span> <span class='ocrx_word' id='word_1_95' title='bbox 1085 1379 1160 1433; x_wconf 56' lang='lat' dir='ltr'><strong>in&gt;</strong></span> <span class='ocrx_word' id='word_1_96' title='bbox 1194 1397 1256 1432; x_wconf 86' lang='lat' dir='ltr'><strong>re</strong></span> <span class='ocrx_word' id='word_1_97' title='bbox 1313 1379 1633 1451; x_wconf 85' lang='lat' dir='ltr'><strong>praeterita,</strong></span> <span class='ocrx_word' id='word_1_98' title='bbox 1681 1381 1871 1449; x_wconf 81' lang='lat' dir='ltr'><strong>juncta</strong></span> 
     </span>
     <span class='ocr_line' id='line_1_14' title="bbox 263 1467 1870 1545; baseline 0 -23"><span class='ocrx_word' id='word_1_99' title='bbox 263 1485 395 1523; x_wconf 85' lang='lat' dir='ltr'><strong>cum</strong></span> <span class='ocrx_word' id='word_1_100' title='bbox 430 1469 604 1525; x_wconf 87' lang='lat' dir='ltr'><strong>forma</strong></span> <span class='ocrx_word' id='word_1_101' title='bbox 639 1468 968 1545; x_wconf 84' lang='lat' dir='ltr'><strong>praesentis,</strong></span> <span class='ocrx_word' id='word_1_102' title='bbox 1016 1468 1242 1542; x_wconf 87' lang='lat' dir='ltr'><strong>ponitur</strong></span> <span class='ocrx_word' id='word_1_103' title='bbox 1285 1485 1388 1541; x_wconf 86' lang='lat' dir='ltr'><strong>pro</strong></span> <span class='ocrx_word' id='word_1_104' title='bbox 1437 1468 1664 1522; x_wconf 84' lang='lat' dir='ltr'><strong>interim</strong></span> <span class='ocrx_word' id='word_1_105' title='bbox 1709 1467 1870 1522; x_wconf 82' lang='lat' dir='ltr'><strong>dum.</strong></span> 
     </span>
     <span class='ocr_line' id='line_1_15' title="bbox 275 1553 1869 1630; baseline 0.002 -22"><span class='ocrx_word' id='word_1_106' title='bbox 275 1554 415 1612; x_wconf 71' lang='lat' dir='ltr'><strong>vide</strong></span> <span class='ocrx_word' id='word_1_107' title='bbox 449 1555 643 1612; x_wconf 89' lang='lat' dir='ltr'><strong>Heinr.</strong></span> <span class='ocrx_word' id='word_1_108' title='bbox 684 1556 757 1612; x_wconf 87' lang='lat' dir='ltr'><strong>ad</strong></span> <span class='ocrx_word' id='word_1_109' title='bbox 789 1557 986 1627; x_wconf 83' lang='lat' dir='ltr'><strong>fragm.</strong></span> <span class='ocrx_word' id='word_1_110' title='bbox 1022 1575 1124 1630; x_wconf 86' lang='lat' dir='ltr'><strong>pro</strong></span> <span class='ocrx_word' id='word_1_111' title='bbox 1158 1553 1308 1609; x_wconf 83' lang='lat' dir='ltr'><strong>Tull.</strong></span> <span class='ocrx_word' id='word_1_112' title='bbox 1357 1571 1440 1610; x_wconf 81' lang='lat'><strong>12.</strong></span> <span class='ocrx_word' id='word_1_113' title='bbox 1480 1555 1804 1629; x_wconf 88' lang='lat' dir='ltr'><strong>»pecuniam</strong></span> <span class='ocrx_word' id='word_1_114' title='bbox 1828 1585 1869 1598; x_wconf 89' lang='lat'>-</span> 
     </span>
    </p>
   </div>
   <div class='ocr_carea' id='block_1_5' title="bbox 261 1642 1872 1804">
    <p class='ocr_par' dir='ltr' id='par_1_6' title="bbox 261 1642 1872 1804">
     <span class='ocr_line' id='line_1_16' title="bbox 261 1642 1872 1721; baseline -0.001 -21"><span class='ocrx_word' id='word_1_115' title='bbox 261 1642 427 1701; x_wconf 80' lang='lat' dir='ltr'><strong>dum</strong></span> <span class='ocrx_word' id='word_1_116' title='bbox 463 1643 582 1701; x_wconf 83' lang='lat' dir='ltr'><strong>vult</strong></span> <span class='ocrx_word' id='word_1_117' title='bbox 599 1646 658 1701; x_wconf 85' lang='lat' dir='ltr'><strong>in</strong></span> <span class='ocrx_word' id='word_1_118' title='bbox 682 1645 904 1721; x_wconf 86' lang='lat' dir='ltr'><strong>praedio</strong></span> <span class='ocrx_word' id='word_1_119' title='bbox 931 1663 1167 1719; x_wconf 87' lang='lat' dir='ltr'><strong>ponere,</strong></span> <span class='ocrx_word' id='word_1_120' title='bbox 1204 1663 1316 1698; x_wconf 89' lang='lat' dir='ltr'><strong>non</strong></span> <span class='ocrx_word' id='word_1_121' title='bbox 1345 1644 1560 1717; x_wconf 86' lang='lat' dir='ltr'><strong>posuit,</strong></span> <span class='ocrx_word' id='word_1_122' title='bbox 1597 1643 1691 1698; x_wconf 82' lang='lat' dir='ltr'><strong>sed</strong></span> <span class='ocrx_word' id='word_1_123' title='bbox 1723 1644 1872 1714; x_wconf 82' lang='lat' dir='ltr'><strong>abje-.</strong></span> 
     </span>
     <span class='ocr_line' id='line_1_17' title="bbox 263 1729 1869 1804; baseline 0.004 -21"><span class='ocrx_word' id='word_1_124' title='bbox 263 1729 402 1784; x_wconf 82' lang='lat' dir='ltr'><strong>cit.&#39;’</strong></span> <span class='ocrx_word' id='word_1_125' title='bbox 438 1729 602 1786; x_wconf 81' lang='lat' dir='ltr'><strong>Conf.</strong></span> <span class='ocrx_word' id='word_1_126' title='bbox 640 1729 769 1785; x_wconf 86' lang='lat' dir='ltr'><strong>Sall.</strong></span> <span class='ocrx_word' id='word_1_127' title='bbox 795 1731 859 1784; x_wconf 89' lang='grc' dir='ltr'><strong>Β.</strong></span> <span class='ocrx_word' id='word_1_128' title='bbox 881 1729 948 1784; x_wconf 90' lang='lat' dir='ltr'><strong>C.</strong></span> <span class='ocrx_word' id='word_1_129' title='bbox 976 1730 1065 1784; x_wconf 79' lang='lat'><strong>58.</strong></span> <span class='ocrx_word' id='word_1_130' title='bbox 1094 1749 1349 1804; x_wconf 86' lang='lat' dir='ltr'><strong>»quoque</strong></span> <span class='ocrx_word' id='word_1_131' title='bbox 1373 1730 1535 1786; x_wconf 90' lang='lat' dir='ltr'><strong>modo</strong></span> <span class='ocrx_word' id='word_1_132' title='bbox 1552 1770 1571 1801; x_wconf 87' lang='lat'>‚</span> <span class='ocrx_word' id='word_1_133' title='bbox 1607 1732 1763 1787; x_wconf 88' lang='lat' dir='ltr'><strong>dum</strong></span> <span class='ocrx_word' id='word_1_134' title='bbox 1798 1752 1869 1790; x_wconf 82' lang='lat' dir='ltr'><strong>ex</strong></span> 
     </span>
    </p>
   </div>
   <div class='ocr_carea' id='block_1_6' title="bbox 210 1816 1869 3479">
    <p class='ocr_par' dir='ltr' id='par_1_7' title="bbox 231 1816 1869 2690">
     <span class='ocr_line' id='line_1_18' title="bbox 231 1816 1869 1894; baseline 0.002 -21"><span class='ocrx_word' id='word_1_135' title='bbox 231 1878 238 1885; x_wconf 29' lang='lat' dir='ltr'>f</span> <span class='ocrx_word' id='word_1_136' title='bbox 265 1817 404 1873; x_wconf 80' lang='lat' dir='ltr'><strong>urbe</strong></span> <span class='ocrx_word' id='word_1_137' title='bbox 427 1818 690 1893; x_wconf 83' lang='lat' dir='ltr'><strong>praesidia</strong></span> <span class='ocrx_word' id='word_1_138' title='bbox 715 1819 1084 1893; x_wconf 85' lang='lat' dir='ltr'><strong>opperior,</strong></span> <span class='ocrx_word' id='word_1_139' title='bbox 1125 1819 1182 1872; x_wconf 87' lang='lat' dir='ltr'><strong>in</strong></span> <span class='ocrx_word' id='word_1_140' title='bbox 1220 1816 1456 1875; x_wconf 87' lang='lat' dir='ltr'><strong>Galliam</strong></span> <span class='ocrx_word' id='word_1_141' title='bbox 1489 1819 1753 1894; x_wconf 86' lang='lat' dir='ltr'><strong>proficisci</strong></span> <span class='ocrx_word' id='word_1_142' title='bbox 1778 1842 1869 1878; x_wconf 86' lang='lat' dir='ltr'><strong>ne·</strong></span> 
     </span>
     <span class='ocr_line' id='line_1_19' title="bbox 264 1904 1863 1982; baseline 0.002 -20"><span class='ocrx_word' id='word_1_143' title='bbox 264 1906 601 1981; x_wconf 81' lang='lat' dir='ltr'><strong>quiverim.”</strong></span> <span class='ocrx_word' id='word_1_144' title='bbox 621 1906 780 1965; x_wconf 83' lang='lat' dir='ltr'><strong>Eutr.</strong></span> <span class='ocrx_word' id='word_1_145' title='bbox 808 1906 874 1967; x_wconf 89' lang='lat' dir='ltr'><strong>V.</strong></span> <span class='ocrx_word' id='word_1_146' title='bbox 909 1926 963 1979; x_wconf 90' lang='lat'><strong>7.</strong></span> <span class='ocrx_word' id='word_1_147' title='bbox 990 1904 1170 1965; x_wconf 84' lang='lat' dir='ltr'><strong>»Nam</strong></span> <span class='ocrx_word' id='word_1_148' title='bbox 1191 1906 1345 1962; x_wconf 87' lang='lat' dir='ltr'><strong>dum</strong></span> <span class='ocrx_word' id='word_1_149' title='bbox 1371 1904 1514 1982; x_wconf 85' lang='lat' dir='ltr'><strong>Sylla</strong></span> <span class='ocrx_word' id='word_1_150' title='bbox 1531 1939 1568 1949; x_wconf 91' lang='lat'>-</span> <span class='ocrx_word' id='word_1_151' title='bbox 1585 1910 1863 1966; x_wconf 85' lang='lat' dir='ltr'><strong>vincit-</strong></span> 
     </span>
     <span class='ocr_line' id='line_1_20' title="bbox 262 1993 1866 2071; baseline 0.002 -20"><span class='ocrx_word' id='word_1_152' title='bbox 262 1993 471 2052; x_wconf 77' lang='lat' dir='ltr'><strong>bellum</strong></span> <span class='ocrx_word' id='word_1_153' title='bbox 532 1998 591 2052; x_wconf 90' lang='lat' dir='ltr'><strong>in</strong></span> <span class='ocrx_word' id='word_1_154' title='bbox 650 1995 806 2052; x_wconf 86' lang='lat' dir='ltr'><strong>Italia</strong></span> <span class='ocrx_word' id='word_1_155' title='bbox 870 1995 1253 2071; x_wconf 80' lang='lat' dir='ltr'><strong>repararunt.&#39;&#39;</strong></span> <span class='ocrx_word' id='word_1_156' title='bbox 1304 1996 1398 2050; x_wconf 85' lang='lat' dir='ltr'><strong>ubi</strong></span> <span class='ocrx_word' id='word_1_157' title='bbox 1449 2015 1480 2053; x_wconf 91' lang='grc'><strong>2</strong></span> <span class='ocrx_word' id='word_1_158' title='bbox 1529 1997 1683 2054; x_wconf 88' lang='lat' dir='ltr'><strong>Leid.</strong></span> <span class='ocrx_word' id='word_1_159' title='bbox 1732 1999 1866 2058; x_wconf 75' lang='lat' dir='ltr'>Mss-</span> 
     </span>
     <span class='ocr_line' id='line_1_21' title="bbox 263 2083 1868 2161; baseline 0.004 -22"><span class='ocrx_word' id='word_1_160' title='bbox 263 2083 470 2140; x_wconf 82' lang='lat' dir='ltr'><strong>habent</strong></span> <span class='ocrx_word' id='word_1_161' title='bbox 517 2087 674 2143; x_wconf 75' lang='lat' dir='ltr'><strong>vicit.</strong></span> <span class='ocrx_word' id='word_1_162' title='bbox 734 2083 824 2142; x_wconf 89' lang='lat' dir='ltr'><strong>Cf.</strong></span> <span class='ocrx_word' id='word_1_163' title='bbox 870 2085 998 2143; x_wconf 75' lang='lat' dir='ltr'><strong>Var-</strong></span> <span class='ocrx_word' id='word_1_164' title='bbox 1036 2085 1185 2142; x_wconf 83' lang='lat' dir='ltr'><strong>Lect.</strong></span> <span class='ocrx_word' id='word_1_165' title='bbox 1222 2105 1251 2140; x_wconf 90' lang='lat' dir='ltr'><strong>a</strong></span> <span class='ocrx_word' id='word_1_166' title='bbox 1291 2084 1595 2161; x_wconf 84' lang='lat' dir='ltr'><strong>Verheykio</strong></span> <span class='ocrx_word' id='word_1_167' title='bbox 1628 2101 1868 2146; x_wconf 83' lang='lat' dir='ltr'><strong>notatae.</strong></span> 
     </span>
     <span class='ocr_line' id='line_1_22' title="bbox 262 2170 920 2249; baseline 0.008 -23"><span class='ocrx_word' id='word_1_168' title='bbox 262 2170 467 2230; x_wconf 81' lang='lat' dir='ltr'><strong>Phaed.</strong></span> <span class='ocrx_word' id='word_1_169' title='bbox 506 2172 553 2229; x_wconf 91' lang='grc' dir='ltr'><strong>Ῑ.</strong></span> <span class='ocrx_word' id='word_1_170' title='bbox 586 2173 701 2228; x_wconf 80' lang='lat' dir='ltr'><strong>fab.</strong></span> <span class='ocrx_word' id='word_1_171' title='bbox 742 2174 827 2229; x_wconf 81' lang='lat'><strong>15.</strong></span> <span class='ocrx_word' id='word_1_172' title='bbox 865 2193 920 2249; x_wconf 87' lang='lat'><strong>9.</strong></span> 
     </span>
     <span class='ocr_line' id='line_1_23' title="bbox 271 2261 1865 2337; baseline 0.001 -18"><span class='ocrx_word' id='word_1_173' title='bbox 271 2300 273 2302; x_wconf 96' lang='lat'>-</span> <span class='ocrx_word' id='word_1_174' title='bbox 343 2261 468 2319; x_wconf 65' lang='lat' dir='ltr'><strong>Isia</strong></span> <span class='ocrx_word' id='word_1_175' title='bbox 501 2262 858 2325; x_wconf 73' lang='lat' dir='ltr'><strong>considerata</strong></span> <span class='ocrx_word' id='word_1_176' title='bbox 887 2273 1059 2337; x_wconf 83' lang='lat' dir='ltr'><strong>atque</strong></span> <span class='ocrx_word' id='word_1_177' title='bbox 1083 2262 1362 2336; x_wconf 64' lang='lat' dir='ltr'><strong>provisa]</strong></span> <span class='ocrx_word' id='word_1_178' title='bbox 1397 2263 1435 2317; x_wconf 87' lang='lat' dir='ltr'><strong>i.</strong></span> <span class='ocrx_word' id='word_1_179' title='bbox 1469 2283 1517 2318; x_wconf 88' lang='lat' dir='ltr'><strong>e.</strong></span> <span class='ocrx_word' id='word_1_180' title='bbox 1551 2278 1698 2320; x_wconf 86' lang='lat' dir='ltr'><strong>certo</strong></span> <span class='ocrx_word' id='word_1_181' title='bbox 1726 2284 1865 2321; x_wconf 88' lang='lat' dir='ltr'><strong>con·-</strong></span> 
     </span>
     <span class='ocr_line' id='line_1_24' title="bbox 261 2342 1864 2414; baseline 0.007 -13"><span class='ocrx_word' id='word_1_182' title='bbox 261 2342 383 2404; x_wconf 73' lang='lat' dir='ltr'><strong>sllio</strong></span> <span class='ocrx_word' id='word_1_183' title='bbox 428 2350 660 2406; x_wconf 83' lang='lat' dir='ltr'><strong>munita.</strong></span> <span class='ocrx_word' id='word_1_184' title='bbox 725 2348 890 2406; x_wconf 86' lang='lat' dir='ltr'><strong>Conf.</strong></span> <span class='ocrx_word' id='word_1_185' title='bbox 948 2348 1152 2407; x_wconf 83' lang='lat' dir='ltr'><strong>Graev.</strong></span> <span class='ocrx_word' id='word_1_186' title='bbox 1212 2351 1279 2405; x_wconf 90' lang='lat' dir='ltr'><strong>ad</strong></span> <span class='ocrx_word' id='word_1_187' title='bbox 1317 2352 1376 2406; x_wconf 88' lang='lat' dir='ltr'><strong>h.</strong></span> <span class='ocrx_word' id='word_1_188' title='bbox 1429 2349 1467 2407; x_wconf 90' lang='lat' dir='ltr'><strong>l.</strong></span> <span class='ocrx_word' id='word_1_189' title='bbox 1517 2353 1672 2410; x_wconf 86' lang='lat' dir='ltr'><strong>Verr.</strong></span> <span class='ocrx_word' id='word_1_190' title='bbox 1721 2354 1765 2411; x_wconf 90' lang='grc' dir='ltr'><strong>Ῑ.</strong></span> <span class='ocrx_word' id='word_1_191' title='bbox 1805 2358 1864 2414; x_wconf 86' lang='grc'><strong>6.</strong></span> 
     </span>
     <span class='ocr_line' id='line_1_25' title="bbox 260 2428 1867 2519; baseline 0.008 -31"><span class='ocrx_word' id='word_1_192' title='bbox 260 2449 416 2490; x_wconf 81' lang='lat' dir='ltr'><strong>»mea</strong></span> <span class='ocrx_word' id='word_1_193' title='bbox 467 2437 715 2515; x_wconf 68' lang='lat' dir='ltr'><strong>quidem,</strong></span> <span class='ocrx_word' id='word_1_194' title='bbox 743 2439 881 2494; x_wconf 85' lang='lat' dir='ltr'><strong>ratio</strong></span> <span class='ocrx_word' id='word_1_195' title='bbox 921 2471 958 2480; x_wconf 92' lang='lat'><strong>—-</strong></span> <span class='ocrx_word' id='word_1_196' title='bbox 1002 2443 1060 2494; x_wconf 87' lang='lat' dir='ltr'><strong>in</strong></span> <span class='ocrx_word' id='word_1_197' title='bbox 1110 2438 1331 2515; x_wconf 85' lang='lat' dir='ltr'><strong>reliquis</strong></span> <span class='ocrx_word' id='word_1_198' title='bbox 1370 2428 1652 2516; x_wconf 85' lang='lat' dir='ltr'><strong>explorata</strong></span> <span class='ocrx_word' id='word_1_199' title='bbox 1699 2459 1867 2519; x_wconf 85' lang='lat' dir='ltr'><strong>atque</strong></span> 
     </span>
     <span class='ocr_line' id='line_1_26' title="bbox 261 2525 1861 2596; baseline 0.007 -19"><span class='ocrx_word' id='word_1_200' title='bbox 261 2525 486 2596; x_wconf 83' lang='lat' dir='ltr'><strong>provisa</strong></span> <span class='ocrx_word' id='word_1_201' title='bbox 522 2527 666 2581; x_wconf 71' lang='lat' dir='ltr'><strong>est.&#39;²</strong></span> <span class='ocrx_word' id='word_1_202' title='bbox 697 2526 767 2582; x_wconf 89' lang='lat' dir='ltr'><strong>de</strong></span> <span class='ocrx_word' id='word_1_203' title='bbox 786 2527 866 2582; x_wconf 87' lang='lat' dir='ltr'><strong>Re</strong></span> <span class='ocrx_word' id='word_1_204' title='bbox 897 2527 1057 2582; x_wconf 87' lang='lat' dir='ltr'><strong>Publ.</strong></span> <span class='ocrx_word' id='word_1_205' title='bbox 1085 2527 1179 2581; x_wconf 89' lang='lat' dir='ltr'><strong>IV.</strong></span> <span class='ocrx_word' id='word_1_206' title='bbox 1205 2545 1256 2582; x_wconf 84' lang='lat'><strong>2.</strong></span> <span class='ocrx_word' id='word_1_207' title='bbox 1297 2529 1475 2585; x_wconf 89' lang='lat' dir='ltr'><strong>»Con</strong></span> <span class='ocrx_word' id='word_1_208' title='bbox 1493 2531 1719 2589; x_wconf 84' lang='lat' dir='ltr'><strong>sidera</strong></span> <span class='ocrx_word' id='word_1_209' title='bbox 1737 2548 1799 2590; x_wconf 89' lang='lat' dir='ltr'><strong>te</strong></span> <span class='ocrx_word' id='word_1_210' title='bbox 1822 2566 1861 2576; x_wconf 90' lang='lat'>-</span> 
     </span>
     <span class='ocr_line' id='line_1_27' title="bbox 268 2615 1260 2690; baseline 0.006 -25"><span class='ocrx_word' id='word_1_211' title='bbox 268 2629 435 2685; x_wconf 87' lang='lat' dir='ltr'><strong>quam</strong></span> <span class='ocrx_word' id='word_1_212' title='bbox 467 2615 575 2668; x_wconf 84' lang='lat' dir='ltr'><strong>sint</strong></span> <span class='ocrx_word' id='word_1_213' title='bbox 607 2616 889 2689; x_wconf 86' lang='lat' dir='ltr'><strong>provisa</strong></span> <span class='ocrx_word' id='word_1_214' title='bbox 927 2618 1260 2690; x_wconf 82' lang='lat' dir='ltr'><strong>sapienter.&#39;&#39;</strong></span> 
     </span>
    </p>

    <p class='ocr_par' dir='ltr' id='par_1_8' title="bbox 210 2701 1862 3479">
     <span class='ocr_line' id='line_1_28' title="bbox 335 2701 1862 2784; baseline 0.007 -26"><span class='ocrx_word' id='word_1_215' title='bbox 335 2701 437 2758; x_wconf 79' lang='lat' dir='ltr'><strong>Ab</strong></span> <span class='ocrx_word' id='word_1_216' title='bbox 489 2704 612 2776; x_wconf 70' lang='lat' dir='ltr'><strong>ipso</strong></span> <span class='ocrx_word' id='word_1_217' title='bbox 646 2703 1098 2778; x_wconf 75' lang='lat' dir='ltr'><strong>proficiscuntur</strong></span> <span class='ocrx_word' id='word_1_218' title='bbox 1118 2706 1443 2779; x_wconf 79' lang='lat' dir='ltr'><strong>—semntur</strong></span> <span class='ocrx_word' id='word_1_219' title='bbox 1466 2739 1504 2750; x_wconf 86' lang='lat'><strong>--</strong></span> <span class='ocrx_word' id='word_1_220' title='bbox 1519 2711 1862 2784; x_wconf 77' lang='lat' dir='ltr'><strong>judicium-J</strong></span> 
     </span>
     <span class='ocr_line' id='line_1_29' title="bbox 210 2786 1861 2869; baseline 0.008 -27"><span class='ocrx_word' id='word_1_221' title='bbox 210 2803 213 2805; x_wconf 81' lang='grc'><strong><em>·</em></strong></span> <span class='ocrx_word' id='word_1_222' title='bbox 259 2786 350 2845; x_wconf 84' lang='lat' dir='ltr'><strong>Sic</strong></span> <span class='ocrx_word' id='word_1_223' title='bbox 401 2799 588 2847; x_wconf 86' lang='lat' dir='ltr'><strong>omnes</strong></span> <span class='ocrx_word' id='word_1_224' title='bbox 637 2791 941 2846; x_wconf 87' lang='lat' dir='ltr'><strong>ediderunt.</strong></span> <span class='ocrx_word' id='word_1_225' title='bbox 996 2792 1051 2847; x_wconf 89' lang='lat' dir='ltr'><strong>Si</strong></span> <span class='ocrx_word' id='word_1_226' title='bbox 1098 2794 1232 2868; x_wconf 81' lang='lat' dir='ltr'><strong>quid</strong></span> <span class='ocrx_word' id='word_1_227' title='bbox 1271 2797 1625 2869; x_wconf 86' lang='lat' dir='ltr'><strong>mutandum,</strong></span> <span class='ocrx_word' id='word_1_228' title='bbox 1676 2799 1861 2855; x_wconf 88' lang='lat' dir='ltr'><strong>malim</strong></span> 
     </span>
     <span class='ocr_line' id='line_1_30' title="bbox 259 2877 1860 2955; baseline 0.006 -21"><span class='ocrx_word' id='word_1_229' title='bbox 259 2877 435 2952; x_wconf 84' lang='lat' dir='ltr'><strong>legere</strong></span> <span class='ocrx_word' id='word_1_230' title='bbox 493 2881 830 2955; x_wconf 80' lang='lat' dir='ltr'><strong>reseruntur.</strong></span> <span class='ocrx_word' id='word_1_231' title='bbox 917 2882 1060 2936; x_wconf 89' lang='lat' dir='ltr'><strong>Haec</strong></span> <span class='ocrx_word' id='word_1_232' title='bbox 1111 2885 1257 2938; x_wconf 88' lang='lat' dir='ltr'><strong>enim</strong></span> <span class='ocrx_word' id='word_1_233' title='bbox 1318 2884 1517 2942; x_wconf 86' lang='lat' dir='ltr'><strong>horum</strong></span> <span class='ocrx_word' id='word_1_234' title='bbox 1568 2888 1860 2943; x_wconf 85' lang='lat' dir='ltr'><strong>verborum</strong></span> 
     </span>
     <span class='ocr_line' id='line_1_31' title="bbox 258 2969 1860 3034; baseline 0.007 -12"><span class='ocrx_word' id='word_1_235' title='bbox 258 2981 531 3025; x_wconf 83' lang='lat' dir='ltr'><strong>structura</strong></span> <span class='ocrx_word' id='word_1_236' title='bbox 585 2969 834 3026; x_wconf 84' lang='lat' dir='ltr'><strong>Ciceroni</strong></span> <span class='ocrx_word' id='word_1_237' title='bbox 882 2970 1289 3025; x_wconf 84' lang='lat' dir='ltr'><strong>familiarissima</strong></span> <span class='ocrx_word' id='word_1_238' title='bbox 1340 2987 1437 3028; x_wconf 89' lang='lat' dir='ltr'><strong>est.</strong></span> <span class='ocrx_word' id='word_1_239' title='bbox 1478 2974 1620 3030; x_wconf 88' lang='lat' dir='ltr'><strong>Phil.</strong></span> <span class='ocrx_word' id='word_1_240' title='bbox 1651 2975 1759 3032; x_wconf 89' lang='lat' dir='ltr'><strong>IX.</strong></span> <span class='ocrx_word' id='word_1_241' title='bbox 1803 2979 1860 3034; x_wconf 85' lang='lat'><strong>5.</strong></span> 
     </span>
     <span class='ocr_line' id='line_1_32' title="bbox 261 3055 1858 3137; baseline 0.006 -26"><span class='ocrx_word' id='word_1_242' title='bbox 261 3055 490 3131; x_wconf 85' lang='lat' dir='ltr'><strong>»Itaque</strong></span> <span class='ocrx_word' id='word_1_243' title='bbox 548 3077 643 3128; x_wconf 89' lang='lat' dir='ltr'><strong>ea,</strong></span> <span class='ocrx_word' id='word_1_244' title='bbox 705 3077 845 3132; x_wconf 87' lang='lat' dir='ltr'><strong>quae</strong></span> <span class='ocrx_word' id='word_1_245' title='bbox 902 3059 1569 3131; x_wconf 85' lang='lat' dir='ltr'><strong>proficiscebantur</strong></span> <span class='ocrx_word' id='word_1_246' title='bbox 1638 3084 1668 3117; x_wconf 85' lang='lat' dir='ltr'><strong>a</strong></span> <span class='ocrx_word' id='word_1_247' title='bbox 1719 3064 1858 3137; x_wconf 89' lang='lat' dir='ltr'><strong>legi-</strong></span> 
     </span>
     <span class='ocr_line' id='line_1_33' title="bbox 262 3143 1857 3220; baseline 0.009 -21"><span class='ocrx_word' id='word_1_248' title='bbox 262 3143 363 3200; x_wconf 83' lang='lat' dir='ltr'><strong>bus</strong></span> <span class='ocrx_word' id='word_1_249' title='bbox 387 3177 425 3187; x_wconf 95' lang='lat'><em>-</em></span> <span class='ocrx_word' id='word_1_250' title='bbox 460 3144 528 3200; x_wconf 82' lang='lat' dir='ltr'><strong>ad</strong></span> <span class='ocrx_word' id='word_1_251' title='bbox 565 3147 891 3220; x_wconf 83' lang='lat' dir='ltr'><strong>aequitatem</strong></span> <span class='ocrx_word' id='word_1_252' title='bbox 924 3147 1348 3210; x_wconf 80' lang='lat' dir='ltr'><strong>referebat.&#39;&#39;</strong></span> <span class='ocrx_word' id='word_1_253' title='bbox 1381 3150 1611 3206; x_wconf 64' lang='lat' dir='ltr'><strong>defin.</strong></span> <span class='ocrx_word' id='word_1_254' title='bbox 1653 3153 1726 3209; x_wconf 90' lang='grc' dir='ltr'><strong>Π.</strong></span> <span class='ocrx_word' id='word_1_255' title='bbox 1771 3156 1857 3213; x_wconf 82' lang='grc'><strong>18.</strong></span> 
     </span>
     <span class='ocr_line' id='line_1_34' title="bbox 259 3232 1861 3305; baseline 0.009 -19"><span class='ocrx_word' id='word_1_256' title='bbox 259 3232 862 3305; x_wconf 82' lang='lat' dir='ltr'><strong>»proficiscantur</strong></span> <span class='ocrx_word' id='word_1_257' title='bbox 905 3257 933 3290; x_wconf 85' lang='lat' dir='ltr'><strong>a</strong></span> <span class='ocrx_word' id='word_1_258' title='bbox 971 3250 1222 3290; x_wconf 83' lang='lat' dir='ltr'><strong>natura-</strong></span> <span class='ocrx_word' id='word_1_259' title='bbox 1245 3236 1313 3291; x_wconf 84' lang='lat' dir='ltr'><strong>ad</strong></span> <span class='ocrx_word' id='word_1_260' title='bbox 1352 3237 1641 3295; x_wconf 83' lang='lat' dir='ltr'><strong>utilitatem</strong></span> <span class='ocrx_word' id='word_1_261' title='bbox 1678 3244 1861 3300; x_wconf 90' lang='lat' dir='ltr'><strong>refe-</strong></span> 
     </span>
     <span class='ocr_line' id='line_1_35' title="bbox 256 3321 1859 3400; baseline 0.007 -23"><span class='ocrx_word' id='word_1_262' title='bbox 256 3323 572 3377; x_wconf 82' lang='lat' dir='ltr'><strong>rantur.&#39;&#39;</strong></span> <span class='ocrx_word' id='word_1_263' title='bbox 621 3322 719 3377; x_wconf 89' lang='grc' dir='ltr'><strong>ΙΙΙ.</strong></span> <span class='ocrx_word' id='word_1_264' title='bbox 780 3321 863 3378; x_wconf 88' lang='lat'><strong>18.</strong></span> <span class='ocrx_word' id='word_1_265' title='bbox 917 3324 1021 3378; x_wconf 85' lang='lat' dir='ltr'><strong>»ab</strong></span> <span class='ocrx_word' id='word_1_266' title='bbox 1052 3324 1135 3378; x_wconf 85' lang='lat' dir='ltr'><strong>his</strong></span> <span class='ocrx_word' id='word_1_267' title='bbox 1168 3326 1345 3380; x_wconf 76' lang='lat' dir='ltr'><strong>omnia</strong></span> <span class='ocrx_word' id='word_1_268' title='bbox 1382 3329 1859 3400; x_wconf 83' lang='lat' dir='ltr'><strong>proficiscan-</strong></span> 
     </span>
     <span class='ocr_line' id='line_1_36' title="bbox 265 3410 1859 3479; baseline 0.009 -16"><span class='ocrx_word' id='word_1_269' title='bbox 265 3420 439 3465; x_wconf 86' lang='lat' dir='ltr'><strong>tur-</strong></span> <span class='ocrx_word' id='word_1_270' title='bbox 462 3410 530 3466; x_wconf 87' lang='lat' dir='ltr'><strong>ad</strong></span> <span class='ocrx_word' id='word_1_271' title='bbox 564 3431 623 3467; x_wconf 87' lang='lat' dir='ltr'><strong>ea</strong></span> <span class='ocrx_word' id='word_1_272' title='bbox 676 3410 938 3468; x_wconf 83' lang='lat' dir='ltr'><strong>referri</strong></span> <span class='ocrx_word' id='word_1_273' title='bbox 977 3432 1181 3469; x_wconf 84' lang='lat' dir='ltr'><strong>omnes.</strong></span> <span class='ocrx_word' id='word_1_274' title='bbox 1188 3415 1223 3444; x_wconf 85' lang='lat'><em>”</em></span> <span class='ocrx_word' id='word_1_275' title='bbox 1260 3414 1327 3470; x_wconf 86' lang='lat' dir='ltr'><strong>‹le</strong></span> <span class='ocrx_word' id='word_1_276' title='bbox 1369 3416 1543 3474; x_wconf 85' lang='lat' dir='ltr'><strong>Amic.</strong></span> <span class='ocrx_word' id='word_1_277' title='bbox 1583 3435 1635 3474; x_wconf 87' lang='grc'><strong>2.</strong></span> <span class='ocrx_word' id='word_1_278' title='bbox 1681 3422 1859 3479; x_wconf 84' lang='lat' dir='ltr'><strong>»hanc</strong></span> 
     </span>
    </p>
   </div>
  </div>
 </body>
</html>
