2436 4062
857 206 1379 273 PARADOXA.
1874 231 1920 292 7

340 359 493 424 vires
534 358 722 419 virtus
763 356 1006 434 habeat,
1055 372 1070 395 ¹
1131 379 1346 419 nomen
1402 371 1630 417 tantum
1685 355 1923 421 virtutis

339 459 618 522 usurpas:
662 439 808 521 quid
832 443 958 520 ipsa
987 438 1214 515 valeat,
1254 441 1509 524 ignoras·
1578 436 1775 499 Nemo
1807 460 1923 520 po-

340 536 452 581 test
490 542 611 580 non
654 519 1022 581 beatissimus
1063 541 1218 595 esse,
1276 521 1378 603 qui
1421 534 1508 578 est
1550 533 1707 579 totus
1747 536 1919 601 aptus

314 606 410 660 ‘ex
450 621 604 675 sese,
650 601 868 683 quique
910 601 972 661 in
1011 620 1072 661 se
1123 621 1245 662 uno
1298 623 1404 662 sua
1454 599 1628 681 ponit
1681 599 1882 660 omnia
1897 624 1919 671 ς,

335 680 432 742 cui
475 703 606 764 spes
636 682 867 754 omniS,
928 697 987 743 et
1036 681 1190 740 ratio
1243 698 1304 742 et
1362 680 1644 762 cogitatio
1698 682 1920 764 pendet

335 782 406 823 ex
444 762 718 835 fortuna3
759 763 901 824 huic
940 761 1094 820 nihil
1135 778 1330 845 potest
1361 784 1481 823 esse
1511 761 1691 832 certi3
1731 762 1920 837 nihil,

333 843 497 926 quod
551 845 922 926 exploratum
992 843 1246 918 habeat,
1305 863 1756 925 permansurum
1806 843 1921 904 sibi

332 945 519 984 unum
545 923 723 985 diem.
773 922 931 984 Eum
957 941 1024 984 tu
1056 924 1359 985 hominem
1385 939 1634 995 terretO,
1675 924 1725 985 si
1742 947 1921 1006 quem

332 1003 445 1064 eris
499 1022 737 1083 nactus,
820 1005 946 1067 istis
1003 1005 1246 1080 mortiS,
1313 1021 1416 1065 aut
1477 1002 1667 1066 exsilii
1719 1005 1919 1066 minis-

330 1083 500 1145 Mihi
552 1108 697 1147 vero
756 1085 1050 1169 quidquid
1107 1087 1387 1148 acciderit
1430 1085 1494 1144 in
1538 1101 1659 1145 tam
1686 1085 1919 1166 ingrata

330 1166 606 1242 civitate,
663 1190 738 1228 ne
800 1165 1094 1228 recusanti
1154 1166 1396 1248 quidem
1448 1163 1748 1241 evenerit,
1796 1189 1922 1228 non

329 1249 508 1307 modo
551 1266 675 1307 non
724 1247 1097 1328 repugnanti.
1186 1246 1352 1329 Quid
1389 1247 1549 1307 enim
1594 1266 1703 1326 ego
1734 1248 1916 1307 labo-

326 1328 488 1401 ravi,
535 1343 639 1387 aut
677 1328 824 1411 quid
869 1329 1000 1410 egi,
1052 1344 1157 1389 aut
1209 1332 1274 1388 in
1319 1349 1440 1412 quo
1479 1325 1915 1408 evigilaverunt

327 1429 500 1488 curae
540 1424 601 1468 et
633 1409 1019 1494 cogitationes
1051 1429 1250 1485 meae,
1290 1407 1585 1493 siquidem
1614 1410 1766 1470 nihil
1800 1431 1914 1491 pe·-

323 1489 451 1570 peri
504 1489 653 1565 tale,
702 1491 858 1551 nihil
915 1507 1262 1552 consecutus
1312 1512 1478 1567 sum,
1530 1506 1599 1549 ut
1640 1511 1711 1552 eo
1753 1505 1914 1551 statu

323 1590 543 1645 essem,
589 1593 765 1654 quem
795 1594 987 1655 neque
1023 1573 1295 1633 fortunae
1337 1570 1670 1647 temeritas,
1719 1593 1928 1653 neque-

321 1649 698 1713 inimicorum
759 1655 1140 1714 labefactaret
1202 1653 1458 1741 injuria?
1566 1652 1916 1717 Mortemne

319 1730 469 1792 mihi
524 1733 845 1810 minitaris,
889 1751 956 1796 ut
995 1735 1240 1795 omnino
1281 1736 1356 1795 ab
1396 1732 1776 1805 hominibus3
1832 1755 1914 1794 an

321 1813 625 1891 exsilium,
685 1833 752 1877 ut
798 1819 875 1878 ab
930 1816 1216 1898 improbis
1273 1816 1724 1897 demigrandum
1794 1814 1911 1875 sit?

319 1893 495 1955 Mors
537 1897 817 1959 terribilis
862 1914 949 1959 est
984 1897 1090 1972 iis,
1135 1917 1392 1982 quorum
1436 1919 1574 1957 cum
1620 1897 1745 1958 vita
1774 1917 1911 1955 om·-

316 1975 418 2036 nia
495 1977 921 2060 extinguuntur
934 2003 956 2051 3
1048 2000 1177 2038 non
1242 1979 1348 2052 iis,
1435 1998 1692 2059 quorum
1776 1976 1906 2036 laus

319 2057 504 2118 emori
538 2079 659 2119 non
687 2076 915 2141 potest:
959 2059 1230 2119 exsilium
1256 2074 1456 2118 autem
1487 2058 1643 2134 illis,
1690 2058 1906 2141 quibus

318 2137 485 2221 quasi
522 2139 997 2224 circumscriptus
1034 2157 1122 2201 est
1165 2139 1479 2202 *habitandi
1523 2140 1725 2212 loeus3
1779 2160 1908 2199 non

313 2221 422 2295 iis,
466 2221 569 2302 qui
611 2241 847 2283 omnem
878 2222 1082 2282 orbem
1115 2236 1441 2293 terrarum,
1484 2243 1665 2282 unam
1693 2221 1906 2280 urbem

316 2315 440 2364 esse
478 2303 727 2373 ducunt.
809 2301 901 2363 'I'e
944 2301 1245 2378 miseriae,
1291 2317 1349 2361 te
1393 2322 1708 2362 aerumnae
1754 2323 1904 2383 pre-

315 2400 522 2459 munt,
575 2385 679 2466 qui
730 2400 788 2445 te
830 2384 1106 2459 beatum,
1168 2383 1272 2467 qui
1327 2382 1635 2444 florentem
1697 2398 1900 2465 putas:

317 2481 452 2527 tuae
487 2464 766 2526 libidines
796 2480 853 2525 te
893 2481 1213 2548 torquent3
1277 2480 1341 2525 tu
1398 2464 1524 2524 dies
1578 2481 1901 2546 noctesque

315 2546 600 2609 cruciaris
611 2570 634 2619 3
694 2545 790 2607 eui
836 2568 947 2607 nee
1001 2563 1091 2607 sat
1139 2562 1260 2622 est,
1318 2544 1483 2628 quod
1539 2562 1659 2622 est,
1713 2561 1773 2605 et
1839 2543 1904 2605 id

313 2626 542 2709 ipsum,
590 2649 665 2689 ne
712 2647 841 2714 ,non
877 2627 952 2687 sit
987 2627 1368 2702 diuturnum,
1414 2627 1582 2688 times
1595 2651 1616 2699 3
1659 2643 1716 2687 te
1746 2646 1901 2686 eon-

311 2710 591 2770 scientiae
649 2709 956 2769 stlmulant
1024 2708 1453 2773 maleficiorum
1509 2724 1784 2779 tuorum3
1842 2722 1902 2767 te

312 2807 503 2852 metus
527 2789 862 2853 exanimant
885 2789 1244 2870 judiciorum
1268 2806 1445 2872 atque
1473 2788 1670 2869 legum
1688 2813 1708 2860 3
1738 2810 1902 2871 quo-

314 2891 564 2956 eumque
593 2872 935 2954 adspexisti,
991 2889 1059 2932 ut
1098 2870 1283 2932 furiae
1305 2915 1322 2946 ,
1365 2873 1449 2934 sic
1480 2885 1615 2931 tuae
1646 2871 1754 2930 tibi
1783 2890 1897 2930 oc-

313 2971 559 3015 currunt
603 2954 890 3045 injuriae,
934 2975 1083 3036 quae
1112 2969 1169 3013 te
1197 2951 1483 3036 respirare
1517 2973 1640 3013 non
1672 2953 1896 3012 sinunt.

313 3032 714 3117 Quamobrem
753 3051 820 3098 ut
873 3035 1182 3119 improbO,
1240 3051 1299 3096 et
1354 3036 1571 3111 stulto,
1617 3050 1676 3095 et
1714 3031 1892 3095 inerti

1775 3135 1894 3174 ne·-

362 3285 378 3309 ι
406 3275 492 3312 cod.
521 3286 579 3314 ιο.
600 3288 730 3315 nomen
756 3290 862 3324 quum
889 3278 1032 3315 virtutis
1054 3289 1217 3327 usurpas.

1032 3344 1175 3422 A4
