2392 4062
648 248 1037 306 CICERONIS
1071 249 1503 316 PARADOXA.
1868 253 1944 324 59

345 389 628 464 potuisti.''
666 389 822 445 Verr.
863 391 935 446 II.
975 393 1065 447 62.
1101 393 1313 462 »Hujus
1335 412 1433 465 ego
1462 385 1720 467 pecuniae
1745 421 1782 431 -
1805 410 1938 444 non

345 477 555 533 habui
589 479 873 549 rationem,
897 498 1114 554 neque
1139 481 1391 536 habere
1411 479 1633 556 potui.'’
1659 497 1759 551 pro
1781 476 1942 531 Flac-

344 586 410 622 co
455 582 539 621 ια.
575 564 752 622 »Illud
791 587 918 624 vero
950 587 1176 643 neque
1212 570 1558 643 suscepit,
1594 585 1820 640 neque
1853 584 1945 620 su-

343 654 617 728 scipere
637 655 885 711 debuit.”
908 654 1070 711 Conf.
1095 656 1240 712 Phil.
1274 657 1349 712 Π.
1379 675 1431 711 2.
1458 656 1525 712 de
1554 655 1673 709 Pet.
1695 653 1858 708 ConS.
1884 672 1939 726 9.

423 743 585 814 Quae
629 745 794 799 modo
853 745 960 799 huc
975 785 994 814 ‚
1046 746 1211 800 modo
1274 746 1411 801 illuc
1475 742 1937 817 traaneruntur]

263 866 289 881 κ
344 826 503 902 Quae
548 852 667 907 cap.
712 852 761 887 1.
812 834 1130 889 dicebantur
1181 833 1468 888 imbecilla
1522 844 1576 888 et
1619 840 1939 887 commuta-

343 920 491 981 bilia
533 924 812 995 pecuniae
846 923 1117 978 membra.
1155 920 1392 976 Notetur
1431 920 1748 991 significatio
1784 918 1937 973 verbi

342 1009 642 1083 transferri
658 1046 678 1080 ,
704 1010 853 1084 quod
877 1026 1170 1084 usurpatur
1209 1012 1268 1065 iu
1298 1010 1676 1078 concionibus,
1718 1007 1938 1084 quando

339 1094 607 1170 populuS,
653 1098 750 1172 qui
796 1097 973 1152 adhuc
1009 1099 1187 1153 fuerat
1229 1098 1484 1153 confusus
1499 1137 1518 1168 ,
1558 1097 1780 1168 jubetur
1822 1096 1941 1150 dis-

337 1184 529 1239 cedere
566 1185 626 1240 in
668 1204 821 1240 suam
878 1187 1108 1262 quisque
1152 1187 1354 1241 tribum
1391 1186 1458 1239 ad
1496 1184 1718 1240 ferenda
1763 1183 1943 1237 suffra-

312 1307 323 1312 -=
340 1273 445 1344 gia.
468 1271 605 1326 Vide
627 1271 821 1344 fragm.
841 1272 998 1329 Orat.
1013 1294 1114 1348 pro
1127 1273 1294 1328 Corn.
1309 1293 1432 1346 pag.
1462 1273 1616 1327 1046.
1636 1271 1786 1325 Edit.
1806 1269 1944 1326 Ern.

338 1359 503 1415 Tom.
524 1360 679 1432 XVI.
705 1376 846 1435 part.
873 1362 944 1416 II.
977 1379 1062 1416 22.
1088 1361 1239 1415 Edit.
1261 1359 1478 1416 Schutz.
1503 1380 1572 1415 ex
1592 1359 1805 1414 emend.
1845 1359 1946 1413 Pa-

340 1448 499 1504 tricii.
562 1447 698 1507 »Est
741 1437 931 1523 utique
966 1452 1052 1521 jus
1089 1451 1339 1521 vetandi,
1390 1470 1563 1525 quum
1594 1469 1655 1504 ea
1693 1449 1935 1520 feratur,

338 1535 600 1610 quamdiu
629 1535 896 1598 *videlicet
941 1558 1053 1593 non
1098 1539 1411 1612 perfertur,
1468 1553 1524 1594 et
1567 1539 1828 1613 quamdiu
1872 1541 1942 1594 in

338 1623 569 1683 tribus
620 1641 775 1680 suas
824 1626 899 1695 ii,
954 1627 1050 1700 qui
1097 1626 1334 1697 suffragii
1389 1629 1724 1684 conveniunt
1773 1629 1944 1699 gratia

335 1711 590 1781 fetandi,
650 1714 1234 1786 tssransferuntur3
1284 1716 1340 1769 id
1381 1730 1493 1781 est,
1529 1735 1750 1790 prorsus
1784 1730 1944 1771 ante-

337 1818 504 1877 quam
550 1800 648 1855 fiat
691 1800 781 1856 lex
796 1840 814 1872 ,
860 1802 993 1856 dum
1030 1804 1228 1876 privati
1267 1804 1456 1859 dicunt
1472 1843 1489 1874 ,
1540 1804 1675 1860 dum
1722 1803 1946 1859 tabellae

335 1887 674 1961 diribentur,
715 1890 849 1946 dum
899 1890 1075 1947 sitella
1114 1892 1418 1948 defertur.'’
1471 1893 1657 1967 ibique
1697 1890 1948 1965 Sigonius
2046 1923 2049 1927 ·

338 1991 394 2032 et
428 1976 627 2032 Ascon.

386 2066 587 2121 ‘Arete
621 2076 808 2122 tenent
852 2080 1222 2143 accurateque
1263 2066 1615 2143 defendunt]
1657 2073 1695 2126 i.
1743 2090 1794 2126 e.
1836 2091 1944 2127 ¹ur-

330 2167 495 2228 gent.
520 2153 655 2210 Vide
678 2157 811 2211 Lex.
838 2157 951 2212 Cic.
974 2156 1191 2213 Schutz.
1221 2150 1349 2213 voce
1369 2169 1570 2214 tenere.
1601 2159 1741 2214 Phil.
1768 2160 1862 2215 IV.
1887 2161 1940 2215 5.

334 2241 404 2298 de
451 2242 576 2299 Fin.
620 2244 716 2300 IV.
745 2244 830 2299 28.
869 2245 1116 2317 »Urgent
1160 2260 1371 2315 tamen,
1412 2246 1549 2300 nihil
1592 2244 1946 2303 remittunt.'’

333 2348 464 2387 mox
500 2332 702 2388 ibidem
758 2333 972 2388 »Verba
1010 2333 1281 2388 mordicus
1325 2337 1574 2389 tenent.'’

418 2426 578 2495 Quae
605 2424 757 2479 mihi
793 2441 903 2478 vox
925 2423 1215 2496 pecudum
1244 2452 1288 2467 -
1311 2442 1423 2476 ηοη
1459 2423 1791 2495 hominum]
1841 2423 1943 2476 Pa-

333 2512 468 2568 riter
504 2509 668 2566 Stoici
703 2510 1179 2585 reprehenduntur
1225 2511 1295 2566 ab
1347 2509 1660 2583 EpicureiS‚
1712 2511 1780 2566 de
1817 2512 1941 2566 Fin.

333 2600 381 2655 Ι.
425 2598 509 2655 18.
546 2613 686 2658 extr.
724 2598 1021 2654 Commode
1059 2597 1128 2654 ad
1167 2599 1226 2653 h.
1263 2597 1302 2653 l.
1337 2599 1469 2653 ibid.
1510 2599 1582 2653 II.
1614 2599 1702 2653 55.
1742 2598 1939 2672 »Qua-

333 2706 394 2741 re
424 2685 572 2742 aliud
608 2686 741 2760 quid
752 2726 775 2752 ,
814 2686 1126 2760 Torquate,
1174 2688 1482 2743 hominis
1513 2708 1784 2745 summum
1834 2692 1940 2744 bo-

332 2793 468 2830 uum
497 2774 878 2848 reperiendum
908 2790 1022 2846 est,
1061 2774 1507 2850 voluptatem
1548 2779 1791 2834 bestiis
1823 2801 1943 2835 con-

331 2862 644 2923 cedamus?
679 2863 748 2919 de
783 2864 960 2920 Amic.
992 2865 1045 2919 6.
1084 2864 1289 2921 »Multi
1323 2868 1486 2921 etiam
1524 2869 1939 2944 voluptates,

333 2951 722 3008 Belluarum
774 2953 879 3008 hoc
926 2953 1149 3027 quidem
1196 2969 1501 3017 extremum
1548 2959 1686 3011 est-'²
1727 2958 1941 3013 Utrum·

333 3059 442 3115 que
477 3042 757 3112 conjungit
798 3042 866 3098 de
898 3029 1054 3099 Orat.
1098 3039 1170 3094 ΙΙ.
1200 3040 1287 3096 56.
1326 3041 1545 3113 Fragm.
1568 3044 1625 3096 in
1658 3043 1722 3097 L.
1754 3044 1939 3100 Pison.

332 3151 391 3206 p.
432 3129 588 3186 1060.
625 3129 768 3184 Phil.
807 3128 954 3186 VIII.
981 3130 1036 3187 5.
1063 3130 1280 3204 »Atque
1301 3131 1463 3184 etiam
1487 3130 1732 3185 homines
1758 3152 1941 3202 agres-

334 3234 414 3274 tes
452 3248 491 3260 -
526 3219 960 3292 provehuntur-’²
1034 3220 1218 3294 ibique
1269 3217 1530 3274 Garaton.
1583 3221 1864 3294 Voluptas
1910 3245 1941 3278 a

334 3306 526 3370 Stoicis
580 3307 839 3369 definitur
895 3308 963 3371 de
1033 3307 1159 3372 Fin.
1214 3307 1284 3363 ΙΙ.
1323 3307 1376 3366 4.
1425 3320 1486 3363 ut
1535 3307 1602 3368 sit
1662 3306 1944 3369 »Sublatio

1016 3395 1060 3452 C
1093 3395 1128 3455 4
1819 3403 1942 3455 ani-
