2392 4062
454 285 522 360 73
836 282 1528 342 ANIMADVERSIONES
1563 285 1641 338 IN

530 425 725 480 Cu‘rios
762 435 815 478 et
837 425 1115 478 Luscinos
1152 420 1499 497 loquamur]
1537 421 1709 477 Simili
1725 422 1920 478 forma.
1953 421 2023 476 de

449 510 574 566 Fin.
612 511 684 564 H.
724 530 777 583 9.
815 510 1208 584 »Philosophus
1242 510 1571 584 loquitur
1606 512 1743 564 tria
1780 531 2025 582 genera

447 598 858 673 cupiditatum.''
891 598 1026 672 ibiq.
1063 594 1233 653 Goer.
1271 596 1434 652 Conf.
1471 597 1604 652 ibid.
1640 595 1740 651 ΠΙ.
1780 615 1833 652 2.
1868 596 2050 651 »sae-v

446 690 568 760 pius
606 688 739 740 ista
773 674 1318 760 loquemurinter
1351 686 1513 740 uos?
1549 685 1618 739 ad
1655 683 1781 740 Div.
1817 685 1882 741 L.
1922 683 2051 741 111.-

444 777 552 851 Ep.
589 775 656 846 4,
697 774 750 830 8.
1581 777 1584 779 ’

515 864 829 920 Aediculas
864 864 925 917 in
976 860 1245 933 Carinis]
1293 858 1377 916 De
1405 858 1726 915 Carinarum
1758 860 1868 914 situ
1900 855 2045 913 vide*

446 952 637 1007 Garat.
675 952 743 1007 ad
777 950 918 1006 Phil.
958 950 1031 1004 Π.
1070 950 1124 1005 6.
1157 948 1285 1005 Non
1319 962 1684 1023 praetereatur
1717 947 2026 1003 venustissi-

443 1059 563 1094 mus
596 1042 743 1109 jocus
780 1034 928 1092 Sexti
960 1037 1206 1113 Pompeji
1225 1076 1245 1107 ,
1299 1037 1396 1111 qui
1441 1035 1721 1090 Gaesarem
1755 1050 1809 1090 et
1843 1035 2052 1089 Anto-v

442 1129 597 1181 nium
641 1129 700 1180 in
744 1128 869 1180 navi
906 1146 1071 1181 coena
1102 1127 1389 1199 excipiens
1409 1164 1428 1196 ,
1476 1125 1650 1180 dixit:
1705 1118 1856 1180 ”Hae
1897 1132 2054 1180 santi

441 1233 628 1267 meae
664 1212 1033 1268 Carinae.”
1077 1212 1402 1277 Ludensin
1445 1232 1543 1282 eo,
1601 1212 1748 1286 quod
1792 1213 2025 1267 Paterna

442 1301 632 1355 domus
667 1304 782 1372 ejus
807 1336 826 1371 ‚·
869 1315 984 1356 erat
1017 1302 1076 1355 in
1110 1299 1320 1356 Carinis
1340 1340 1358 1371 ‚
1397 1311 1563 1375 quam
1599 1316 1730 1355 tune
1769 1301 2055 1374 temporis‘
2116 1340 2117 1343 κ

444 1390 662 1444 tenebat
692 1390 980 1444 Antonius.
1031 1387 1156 1444 Vid.
1205 1387 1342 1443 Vell.
1394 1388 1513 1443 Pat.
1555 1389 1627 1443 II.
1687 1407 1779 1461 77.
1836 1387 2050 1463 ibique-

439 1474 755 1530 Plutarchus
793 1497 823 1530 a
861 1475 1084 1531 Ruhnk.
1121 1477 1314 1532 citatus
1341 1491 1397 1532 et
1431 1478 1806 1551 reprehensus.
2034 1547 2038 1551 ἱ

520 1565 979 1637 Certissimaeque
1021 1564 1304 1637 divitiae]
1382 1564 1540 1638 Quae
1592 1565 1849 1619 dicuntur
1892 1583 2024 1620 mox

441 1671 528 1707 res
584 1652 968 1723 sempiternae.
1020 1652 1264 1721 Intellige
1307 1653 1559 1708 stabiles,
1606 1652 1675 1705 de
1715 1652 1891 1706 Amic.
1935 1653 2021 1708 15.

441 1739 854 1792 »Amicitiarum
906 1759 1001 1792 sua
1059 1739 1256 1813 cuique
1314 1751 1594 1812 permanet
1640 1737 1922 1793 stabilis
1967 1750 2025 1795 et

439 1845 551 1879 cer
570 1839 633 1879 ta
667 1827 982 1899 possessio.''
1019 1825 1181 1880 Conf.
1222 1824 1439 1882 Schutz.
1479 1825 1548 1880 ad
1571 1825 1629 1881 h.
1654 1824 1694 1881 l.
1712 1830 1774 1880 'et
1795 1825 2020 1882 Ruhuk.

439 1911 509 1966 ad
542 1912 674 1966 Rut.
713 1911 852 1984 Lup.
888 1930 1010 1984 pag.
1053 1931 1146 1984 79.
1916 1960 1920 1963 .

508 2003 732 2074 Magno
774 2002 1120 2072 cte-stimma]
1157 1998 1319 2054 Gonf.
1354 1998 1423 2053 de
1460 1998 1585 2054 Fin.
1617 1998 1717 2053 ΠΙ.
1755 1999 1811 2054 5.
1860 1998 2052 2055 »Vir--

440 2101 614 2141 tutem
647 2109 759 2141 non
799 2109 994 2159 magn
1024 2109 1058 2142 o
1084 2087 1592 2142 aestimandam
1625 2089 1875 2161 putem.’'
1910 2088 2020 2144 Ubi

439 2174 612 2230 Goer.
661 2178 917 2230 memoria
960 2176 1140 2249 lapsus
1194 2177 1327 2230 haec
1380 2175 1560 2230 addit:
1600 2174 1749 2231 »Nec
1789 2187 2048 2251 usquam.

438 2265 513 2318 sic
536 2263 754 2338 (scilicet
777 2283 982 2337 magno
1001 2264 1044 2338 ,J
1075 2265 1143 2318 ad
1165 2265 1398 2319 aestimo
1423 2262 1597 2333 legere
1618 2264 2021 2321 meminimus·.''

434 2351 647 2425 ‘Ibidem
692 2351 788 2405 IV.
834 2351 935 2409 25.
989 2351 1283 2406 »Nihilo
1345 2351 1796 2405 aestimandum.’'
1852 2348 2020 2423 Quod

437 2433 810 2514 adscripsimus
826 2479 842 2509 ‚
905 2442 1032 2514 quia
1090 2439 1337 2496 nonnulli
1393 2441 1653 2495 damnant
1704 2437 2018 2501 ablativum·

515 2527 740 2597 Quasi.]
791 2526 1086 2583 Videantur
1130 2529 1455 2603 Interpretes
1503 2529 1573 2583 ad
1606 2528 1666 2582 h.
1701 2527 1742 2582 l.
1790 2525 2021 2599 Elegan-

438 2627 521 2667 ter
554 2615 776 2686 ponitur
805 2635 905 2687 pro
939 2616 993 2670 si
1019 2638 1153 2690 qua.
1191 2618 1386 2674 Sensus
1425 2633 1533 2673 est:
1570 2614 1736 2689 Quod
1770 2617 1821 2671 ei
1860 2631 2021 2688 gene-e

437 2701 486 2756 ri
519 2703 939 2774 possessionum,
994 2705 1038 2757 si
1080 2723 1221 2778 qua,
1277 2718 1422 2758 certe
1458 2705 1680 2757 minima
1728 2723 1796 2758 ex
1830 2711 2044 2778 parte,-

435 2790 617 2843 noeeri
649 2801 842 2862 potest.
877 2789 1038 2844 Conf.
1077 2791 1145 2846 de
1174 2790 1299 2846 Sen.
1347 2792 1430 2847 14.
1484 2791 1594 2846 »At
1635 2811 1746 2846 non
1791 2804 1871 2868 est
1916 2812 2018 2848 vo-

435 2875 706 2950 luptatum
741 2892 888 2932 tanta
924 2881 1125 2953 quasi
1164 2879 1456 2934 titillatio.’²
1492 2881 1531 2933 i.
1571 2899 1620 2932 e.
1658 2879 1768 2950 At,
1827 2880 1872 2933 si
1908 2899 2045 2953 qua*

435 2980 515 3020 est
555 2964 787 3021 titillatio
822 2966 1188 3041 voluptatum,
1241 2983 1384 3023 certe
1437 2988 1549 3022 non
1591 2981 1670 3021 est
1714 2982 1881 3022 tanta.
1931 2968 2016 3024 Ei

428 3055 628 3127 generi
664 3057 1106 3128 possessionum.
1145 3059 1185 3110 i.
1219 3076 1270 3112 e.
1302 3055 1542 3110 locorum
1586 3055 1670 3109 vel
1719 3074 1969 3125 agrorum
1981 3091 2014 3144 7

435 3135 695 3197 Videatur
734 3142 800 3195 de
832 3143 911 3195 Re
945 3142 1104 3198 Publ.
1144 3144 1221 3197 II.
1263 3164 1314 3215 9.
1367 3145 1500 3217 ibiq.
1547 3143 1782 3213 Angelus
1817 3144 2044 3213 Majtsss

502 3229 675 3300 Eripi
705 3261 739 3270 —-
773 3232 1030 3304 surripi]
1079 3231 1234 3288 Verr.
1290 3230 1384 3285 IV.
1431 3232 1517 3284 60.
1565 3230 1755 3285 »Clam
1799 3230 2025 3285 surri-v

434 3314 582 3386 piat
643 3347 682 3358 -
740 3319 1003 3392 eripiat
1059 3319 1264 3394 palam,
1332 3334 1492 3392 atque
1540 3319 1803 3375 auferat.‹''
1844 3313 1894 3370 el.
1951 3317 2006 3371 4.
2043 3354 2048 3358 <

1845 3401 2015 3459 »Sur-
