2392 4062
661 229 1054 288 cmmoms
1089 182 1521 289 PARADOXA.
1822 236 1890 310 ⁵7

311 367 670 427 beneficium:
717 372 925 428 tollitur
958 368 1158 445 gratia:
1193 392 1369 449 quae
1402 387 1565 430 sunt
1611 373 1894 430 vincula

300 458 684 517 concordiam„
715 460 785 518 de
818 462 900 518 Re
937 460 1099 519 Publ.
1149 462 1225 518 11.
1260 461 1355 519 41.

375 550 473 605 Ac
508 550 642 606 vide
651 589 676 616 ‚
711 565 887 625 quam
915 581 959 594 -
988 551 1421 623 contemserim]
1455 550 1760 607 Acerhioris
1782 550 1900 606 iro-

296 638 426 696 niae
449 636 701 694 formula.
747 638 858 695 Pro
882 637 1070 695 Plane.
1109 638 1201 695 31.
1245 638 1453 694 »Vide
1473 677 1495 709 ‚
1541 658 1708 714 quam
1742 657 1831 693 me
1853 667 1894 680 -—

303 724 640 806 poeniteat.”
697 722 907 784 Graev.
956 740 1015 782 et
1059 725 1238 784 Gem.
1305 727 1520 784 malunt
1578 731 1671 786 At
1724 729 1897 797 vide3

303 811 509 869 Verum
530 814 627 869 Ae
658 815 790 872 vido
806 829 1015 873 rectum
1047 816 1294 888 videtur,
1326 833 1454 871 oum
1474 831 1699 893 propter
1720 815 1897 874 codd.

301 901 457 973 Leid.
494 923 818 963 consensum
832 944 856 972 ,
896 920 1017 962 tum
1060 904 1135 961 ob
1165 904 1294 963 Div.
1335 906 1396 959 in
1434 903 1595 959 Caec.
1633 923 1722 960 11.
1769 905 1900 960 »Ac

301 991 503 1064 vide,
545 995 884 1068 quantum.”
927 994 1133 1050 ibidem
1160 1011 1250 1068 19·
1282 995 1413 1051 »Ac
1445 994 1641 1067 vide,
1689 993 1897 1070 quid-’²

230 1152 231 1155 Ἴ
299 1079 699 1140 Lkztrocinium
716 1122 737 1156 ,
772 1098 854 1140 est
888 1085 1082 1141 cohors
1113 1083 1410 1143 latronum.

367 1171 599 1227 Jactam
635 1182 694 1228 et
728 1174 1048 1230 immissam
1085 1205 1127 1218 -
1165 1176 1439 1250 injuriam
1470 1207 1512 1217 —
1525 1174 1899 1250 perveniam]

297 1254 499 1315 Similis
525 1261 842 1336 metaphora
868 1283 899 1316 a
924 1262 1157 1319 telorum
1175 1265 1324 1335 jactu
1346 1263 1610 1319 desumta.
1633 1263 1755 1318 Cat.
1782 1263 1829 1318 1.
1842 1264 1899 1318 6.

299 1344 491 1420 »Quot
511 1368 614 1420 ego
637 1382 677 1391 -
698 1365 816 1406 tuas
841 1353 1130 1426 petitiones
1173 1353 1247 1407 ita
1280 1354 1549 1422 conjectas
1566 1391 1584 1423 ‚
1640 1364 1704 1407 ut
1737 1352 1899 1408 vitari

292 1455 411 1494 non
440 1458 597 1514 posse
633 1442 948 1498 viderentur
967 1482 987 1514 ‚
1040 1462 1207 1516 parva
1245 1441 1483 1517 quadam
1537 1439 1899 1497 declinatione

291 1539 393 1596 et,
437 1540 502 1581 ut
540 1530 737 1601 ajunt,
786 1549 1014 1606 corpore
1054 1529 1301 1603 effugi?''
1367 1531 1567 1589 Jacere
1599 1530 1776 1587 telum
1815 1541 1899 1587 est

292 1611 490 1689 Topic.
519 1633 607 1689 17·
661 1618 944 1694 Conjicere
967 1621 1026 1674 in
1058 1617 1184 1675 Vat.
1213 1617 1267 1675 5.
1291 1618 1455 1693 Apud
1485 1618 1630 1694 Nep.
1672 1617 1805 1676 Dat:
1838 1639 1898 1695 9.

299 1703 411 1761 Pro
462 1705 667 1763 Archia
720 1727 808 1763 ιο.
866 1729 896 1762 n
917 1706 1048 1781 Quo
1086 1724 1352 1764 manuum
1403 1721 1712 1764 nostrarum
1756 1709 1895 1766 tela

292 1795 822 1867 pervenerint.”
865 1796 1029 1850 Auct.
1061 1795 1131 1850 ad
1170 1795 1302 1856 Her.
1340 1795 1438 1852 IV.
1474 1795 1562 1851 28.
1613 1794 1818 1873 »Quod
1848 1797 1897 1853 si

291 1882 516 1959 aliquod
579 1882 799 1940 telum
854 1886 1067 1959 saepius
1119 1885 1507 1959 perveniat
1544 1885 1604 1939 in
1666 1884 1896 1939 eandem

291 1989 504 2050 partem
549 1976 854 2051 corporis.'’
915 1973 1077 2029 Conf.
1116 1973 1264 2045 Virg.
1293 1972 1432 2026 Aen.
1456 1971 1529 2026 Π.
1561 1971 1665 2025 544
1697 1991 1737 2013 —⁴·
1766 1972 1892 2027 546.

371 2066 516 2121 Cum
540 2068 790 2137 parietes
833 2061 1202 2119 disturbabas
1251 2092 1292 2102 -
1334 2060 1508 2135 facee
1534 2054 1892 2134 inferebam]

288 2153 510 2209 Praeter
531 2154 645 2209 loca
670 2175 700 2208 a
726 2151 943 2209 Get-nh.
966 2151 1181 2206 laudata
1200 2188 1218 2220 ,
1246 2149 1533 2204 videantur
1565 2147 1689 2206 Cat.
1705 2146 1806 2202 111.
1831 2167 1888 2222 9.

287 2242 440 2316 »Qui
483 2274 522 2285 ·-
556 2257 685 2298 sunt
721 2242 963 2296 funestos
1003 2259 1065 2293 ac
1096 2236 1332 2292 nefarios
1372 2238 1574 2307 ignes
1609 2235 1891 2292 inferre

283 2333 527 2388 'conati-”⁹
565 2351 668 2407 pro
698 2329 892 2396 Milon.
930 2328 1041 2382 52.·
1059 2325 1197 2381 Vell.
1233 2324 1357 2382 Pat.
1395 2325 1469 2380 ΙΙ.
1508 2324 1603 2380 45.

359 2422 614 2496 Aufer-ri
654 2453 693 2462 —
730 2420 877 2492 eripi
913 2448 954 2460 ·-
986 2415 1227 2487 amitti-J
1270 2412 1467 2469 Parad.
1506 2410 1602 2470 VI.
1634 2431 1684 2469 1.
1724 2414 1891 2470 »Au-

287 2508 433 2565 fers
489 2540 529 2552 -
589 2506 877 2584 eripis.’'
938 2503 1078 2562 ibid.
1130 2502 1186 2558 5.
1255 2501 1463 2578 Eripi
1508 2532 1550 2545 -
1608 2505 1809 2579 surripi
1847 2532 1887 2545 -

284 2598 704 2654 amittitur.”

364 2689 589 2759 Quibm·
627 2684 815 2761 rea-pla
858 2694 913 2740 te
959 2683 1304 2740 invitissimo
1361 2684 1524 2757 atah]
1570 2683 1610 2740 i.
1646 2703 1698 2740 e.
1731 2685 1888 2739 inco-

283 2781 444 2838 lamis
474 2793 555 2836 est
587 2791 644 2833 et
678 2775 843 2832 salva.
879 2772 1042 2828 Conf.
1075 2791 1178 2846 pro
1215 2771 1376 2825 Bal„
1402 2771 1554 2829 Post.
1600 2771 1656 2827 8.
1707 2770 1887 2845 »Quo

280 2891 411 2929 omn
440 2884 713 2940 stante,
755 2865 801 2922 si
832 2883 921 2919 me
957 2861 1063 2916 Cn.
1089 2860 1335 2934 Pompeji
1369 2862 1658 2917 auctoritas
1676 2861 1735 2914 in
1758 2881 1886 2931 gra-

283 2961 417 3014 tiam
476 2977 589 3014 non
633 2955 966 3023 reduxisset,
1022 2964 1172 3004 nunc
1214 2951 1327 3020 jam
1374 2951 1543 3024 ipsius
1589 2949 1885 3004 fortuna

282 3046 620 3106 reduceret?
675 3047 716 3101 i.
753 3062 801 3098 e.
840 3041 1060 3097 fortuna
1110 3036 1330 3093 adversa
1347 3076 1365 3108 ,
1421 3056 1562 3111 quae
1611 3037 1883 3109 eleganter

279 3138 578 3212 opponitur
613 3138 686 3204 τῷ
729 3141 933 3187 stante.
1007 3128 1074 3182 In
1103 3126 1262 3182 Caec.
1322 3123 1450 3183 Div.
1499 3127 1553 3181 6.
1616 3148 1644 3182 »
1664 3127 1876 3185 Tamen

281 3225 394 3283 his
437 3221 915 3293 invitissimis
953 3233 1005 3273 te
1041 3215 1292 3295 offeres.''
1328 3216 1367 3270 i.
1412 3233 1461 3269 e.
1496 3229 1557 3271 ut
1592 3234 1693 3290 pro
1722 3214 1874 3273 Sext.

285 3332 336 3390 7.
384 3312 607 3371 »Multis
641 3293 1129 3386 repugnantibus.''

1003 3392 1054 3448 D
1095 3394 1127 3446 5
1761 3403 1888 3458 Re„
