2392 4062
674 232 1065 291 cicEROle
1099 238 1528 297 PARADOXA.
1831 246 1898 317 69

308 396 316 407 ·
373 368 451 424 L.
492 363 689 427 Crassi
735 376 960 448 copiosa
996 381 1186 453 magis
1224 400 1396 454 quam
1428 382 1652 455 sapiens
1691 386 1891 438 oratiO.

302 453 495 530 seqq]
541 457 702 514 Part.
737 461 894 518 Orat.
951 465 1037 520 25.
1084 465 1269 522 »Nihil
1307 470 1452 523 enim
1487 485 1566 524 est
1597 469 1741 525 aliud
1780 469 1897 524 elo-

300 545 557 621 quentia,
628 549 731 603 nisi
790 555 1078 627 copiose
1129 554 1429 630 loquens
1486 558 1896 631 sapientiass’

301 630 370 690 de
393 629 550 688 Orat.
572 634 644 694 Π.
673 637 760 693 25.
787 656 898 695 ext.
935 641 1035 696 »In
1074 662 1180 716 qua
1216 644 1351 698 nihil
1385 644 1463 699 illi
1500 646 1704 715 defuit,
1744 648 1893 721 quod

301 735 414 780 non
463 722 626 778 modo
677 729 1029 801 copiosus,
1079 732 1171 785 sed
1209 734 1371 787 etiam
1418 736 1696 807 sapiens
1744 756 1894 790 ora-

301 821 414 869 tor
447 810 649 869 habere
685 814 927 871 deberet.
931 819 970 848 '²
1007 819 1234 892 Eripite
1257 834 1359 874 ete.
1398 819 1552 874 Hanc
1579 820 1755 876 Crassi
1788 843 1898 877 ora-

299 898 505 960 tionem
549 920 662 958 non
720 902 984 960 hvissime
1031 908 1376 980 perstringit,
1425 908 1494 962 de
1530 906 1687 962 Orat.
1722 908 1769 963 Ι.
1800 909 1889 964 52.

299 984 406 1050 Cui
451 988 680 1053 addatur
726 994 1072 1066 reprehensio
1125 995 1350 1050 Antonii
1398 994 1611 1051 Caesari
1648 996 1893 1060 diadema

299 1076 658 1150 imponentis,
718 1079 862 1137 Phil.
896 1082 970 1137 ΙΙ.
997 1082 1085 1136 54.
1113 1082 1324 1138 Festive
1344 1098 1584 1137 recenset
1606 1084 1854 1142 mandata
1873 1124 1892 1154 ,

299 1183 440 1242 quae
473 1166 555 1221 M.
576 1166 848 1224 Antonius
881 1169 1067 1242 legatis
1092 1171 1309 1225 dederat
1334 1172 1402 1224 ad
1427 1170 1711 1243 Senatum,
1749 1171 1890 1226 Phil.

298 1251 449 1307 VIII.
487 1274 542 1329 9.
581 1253 841 1327 Ejusdem
887 1257 1091 1312 litteras
1139 1259 1208 1312 ad
1255 1258 1400 1321 Hirt.
1453 1274 1507 1313 et
1555 1259 1708 1314 CaeS.
1746 1259 1890 1314 Phil.

299 1341 460 1399 XIII,
505 1361 589 1398 10.
623 1364 737 1420 seq.
788 1343 1005 1418 Quibus
1053 1346 1281 1401 addatur
1330 1348 1568 1402 recensio
1618 1347 1891 1423 Epistulae

298 1427 522 1504 Epicuri
554 1434 830 1490 morientis
865 1434 933 1489 ad
971 1434 1354 1492 Hermachum.
1402 1434 1470 1490 de
1516 1435 1642 1491 Fin.
1692 1437 1766 1491 11.
1801 1437 1891 1492 50.

377 1521 538 1591 Quae
561 1531 645 1575 est
662 1522 776 1577 ista
809 1523 1095 1596 servitus.]
1132 1522 1274 1580 Phil.
1298 1523 1343 1577 I.
1370 1523 1424 1578 6.
1472 1522 1893 1597 »Quaenam‚

297 1605 532 1679 malum,
594 1623 675 1663 est
727 1610 862 1668 ista
926 1609 1229 1667 voluntaria
1301 1612 1624 1667 servitus·
1628 1612 1665 1644 '²
1729 1611 1892 1668 Conf.

297 1695 484 1770 Aquil.
520 1696 680 1754 Rom.
715 1716 840 1797 pag.
883 1716 1004 1768 191.

378 1783 576 1840 Omnis
623 1785 809 1842 animi
856 1785 1146 1847 debilitati
1193 1797 1250 1843 et
1293 1786 1527 1845 humilis
1540 1798 1632 1855 Ἴ(ει
1661 1787 1898 1860 fracti.]
1927 1816 1946 1818 ··

295 1871 608 1933 ProPlanc.
636 1890 724 1929 20.
764 1873 878 1933 »Ut
912 1875 1141 1934 fracto
1178 1876 1406 1930 animo
1443 1890 1607 1950 atque
1642 1875 1899 1930 h'umili

296 1959 721 2035 supplicarent.''
759 1961 889 2016 Post
924 1963 1059 2017 Red.
1098 1965 1157 2018 in
1195 1962 1323 2017 Sen.
1356 1964 1439 2018 15.
1477 1961 1680 2035 »Quod
1714 1983 1898 2018 meum

295 2051 595 2104 animum
630 2038 963 2121 frangere
1000 2065 1093 2106 aut
1128 2050 1520 2106 debilitare
1556 2052 1780 2125 possit.''
1830 2052 1898 2106 de

292 2137 468 2193 Amic.
531 2137 614 2192 16.
675 2138 1082 2209 »Abjectior
1113 2171 1150 2180 -
1174 2139 1534 2194 fractior.''
1607 2138 1770 2196 Conf.
1829 2141 1899 2195 ad

294 2223 420 2291 Div.
445 2224 542 2280 IV.
571 2246 624 2300 7.
663 2225 802 2280 Coll.
840 2227 1039 2282 Parad.
1078 2227 1197 2298 huj.
1236 2247 1354 2302 cap.
1400 2236 1448 2282 1'.

360 2316 685 2373 'Dominum
703 2325 956 2386 mutare,
979 2335 1093 2369 non
1128 2315 1274 2370 liber·
1292 2335 1409 2370 esse
1444 2315 1612 2389 malm]
1650 2315 1802 2370 Brut.
1827 2314 1895 2368 ad

296 2403 414 2458 Cic.
456 2405 612 2478 epist.
639 2403 741 2460 ²16.
781 2405 902 2459 init.
940 2403 1054 2479 »Ut
1089 2422 1312 2477 prorsus
1347 2422 1477 2478 prae
1515 2418 1568 2458 te
1590 2404 1756 2475 feras,
1784 2425 1896 2458 non

279 2479 562 2552 'sublatam
596 2490 1046 2561 dominationem,
1090 2480 1183 2545 sed
1218 2492 1569 2547 dominum
1603 2511 1896 2547 commu·-

298 2594 518 2638 tatum
551 2579 723 2635 esse.'’
780 2578 924 2639 Phil.
956 2578 1038 2633 ⁷11.
1083 2578 1167 2634 14.
1227 2577 1387 2637 »Non
1423 2579 1597 2634 solum
1631 2600 1891 2651 regem,

296 2668 390 2724 sed
435 2686 722 2740 regnum
768 2669 931 2723 etiam
976 2667 1044 2722 de
1094 2667 1242 2742 repla
1280 2666 1671 2724 sustulissem.''
1707 2669 1774 2723 de
1809 2669 1891 2723 Re

294 2756 457 2819 Publ.
493 2755 569 2812 II.
609 2755 715 2811 25.
740 2750 884 2813 extr.

340 2847 456 2903 ,Et
476 2863 778 2920 possumus
814 2855 869 2900 et
902 2843 1217 2916 debemus]
1272 2843 1416 2899 Haec
1452 2845 1616 2900 verba
1651 2846 1890 2899 citantur

297 2933 368 2994 ab
403 2933 565 2990 Auct.
603 2933 673 2988 ad
707 2932 840 2988 Her.
877 2931 973 2988 IV.
1012 2932 1065 2986 5.
1106 2930 1268 2986 Conf.
1307 2931 1450 2989 Phil.
1489 2933 1584 2988 VI.
1633 2953 1686 3006 7.
1743 2932 1892 2987 »Po-

297 3020 492 3100 pulum
522 3021 830 3079 Romanum
865 3022 1063 3085 servire
1097 3019 1177 3074 fas
1213 3040 1326 3074 non
1361 3022 1501 3075 est.''

369 3111 587 3166 Animo
634 3110 847 3164 excelso
897 3120 952 3164 et
984 3110 1100 3164 alto
1140 3118 1195 3163 et
1230 3108 1536 3164 virtutibus
1573 3129 1893 3184 exaggera·-

298 3199 399 3271 tm]
434 3197 516 3252 De
552 3196 677 3252 Fin.
716 3196 790 3250 11.
847 3197 930 3251 14.
970 3195 1243 3251 »Altum
1279 3196 1538 3271 quiddam
1574 3212 1628 3251 et
1665 3197 1894 3253 excel-

289 3307 317 3351 a
341 3288 505 3350 um.'’
555 3286 662 3350 Pro
699 3285 872 3347 Milon
910 3284 963 3344 8.
1015 3285 1340 3363 »Pompejus
1378 3285 1541 3346 homo
1590 3287 1800 3361 sapiens
1836 3303 1891 3342 et

1793 3374 1892 3430 al·-
