2488 4114
586 690 663 743 M.
728 689 1036 744 TULLII
1098 687 1593 746 CICERONIS

319 786 1711 957 TPARADOXNA

1053 1036 1132 1075 AD

658 1184 1507 1274 M‚BRUTUM

898 1492 1264 1533 PROOEMIUM.

302 1570 816 1724 Animadverti,'
852 1641 1070 1726 Brute,
1111 1667 1282 1729 saepe
1324 1642 1650 1718 Catonem,
1694 1664 1888 1704 avun-

301 1724 502 1786 culum
546 1741 749 1802 tuum‚
799 1747 934 1786 cum
977 1726 1038 1788 in
1079 1725 1285 1804 senatu
1324 1722 1677 1801 sententiam
1717 1724 1891 1784 dice-

299 1823 425 1881 ret,
465 1805 629 1866 locos
669 1829 873 1888 graves
914 1830 986 1868 ex
1022 1807 1416 1892 philosophia-
1453 1822 1735 1880 tractare,
1778 1805 1896 1866 ab-

302 1884 610 1949 horrentes
654 1888 728 1947 ab
768 1887 886 1948 hoc
929 1911 1038 1950 usu
1080 1889 1298 1950 forensi
1351 1905 1412 1949 et
1463 1888 1740 1970 publico:
1790 1885 1897 1946 sed·

302 1965 558 2049 dicendo
603 1969 886 2050 consequi
927 1985 1158 2041 tamen,
1197 1986 1266 2050 ut
1309 1969 1418 2029 illa
1457 1967 1637 2028 etiam
1664 1967 1897 2051 populo

347 2047 640 2129 robabilia
678 2046 1043 2127 viderentur.
1126 2049 1310 2133 Quod
1349 2070 1420 2110 eo
1456 2048 1648 2129 majus
1695 2065 1782 2109 est
1805 2048 1896 2108 il-

302 2070 384 2206 li,
449 2143 627 2212 quam
687 2144 790 2188 aut
845 2129 990 2205 tibi,
1061 2147 1165 2192 aut
1216 2131 1442 2192 nobisz·
1484 2130 1623 2212 quia
1679 2150 1787 2189 nos
1828 2151 1899 2189 ea

305 2208 688 2293 philosophia
725 2207 861 2290 plus
899 2206 1159 2285 utimur,
1197 2233 1346 2293 quae
1386 2210 1619 2293 peperit
1655 2209 1896 2271 dicendi

307 2289 574 2374 copiam,
614 2288 771 2367 etin
812 2312 931 2372 qua
957 2290 1239 2352 dicuntur
1267 2313 1369 2368 ea,
1413 2312 1562 2374 quae
1589 2312 1711 2351 non
1738 2292 1902 2351 mul-

307 2387 438 2432 tum
496 2368 831 2452 discrepant
886 2373 961 2432 ab
1019 2372 1298 2455 opinione
1350 2371 1648 2454 populari.
1727 2369 1899 2441 ‘Cato

309 2466 510 2514 autem
540 2453 855 2545 ‘perfectus
920 2453 1083 2531 (mea
1138 2454 1462 2531 sententia)
1517 2451 1782 2528 StoicUS,
1837 2470 1901 2531 et

311 2552 380 2595 ea
424 2549 637 2606 sentit,
684 2555 834 2615 quae
881 2549 899 2574 1
946 2554 1074 2594 non
1127 2556 1263 2595 sane
1303 2536 1635 2618 probantur
1663 2534 1728 2593 in
1756 2535 1899 2594 vul-

314 2636 450 2696 gus:
495 2629 553 2674 et
588 2613 652 2672 in
698 2635 767 2674 ea
801 2630 889 2674 est
931 2615 1193 2690 haeresi,
1233 2638 1382 2700 quae
1425 2613 1662 2675 nullum
1689 2616 1903 2698 sequi-

313 2713 413 2756 tur
454 2695 661 2756 florem
704 2693 1022 2766 orationis,
1075 2718 1266 2779 neque
1317 2696 1529 2758 dilatat
1581 2718 1904 2776 argumen-

317 2794 443 2838 tum
474 2798 494 2847 ς,
535 2781 560 2805 ²
592 2776 835 2836 minutis
865 2777 1475 2856 interrogatiunculis,
1520 2777 1686 2859 quasi
1709 2799 1906 2859 punc-

315 2859 426 2934 tis,
466 2857 631 2939 quod
671 2855 1004 2940 proposuit,
1032 2858 1226 2919 efficit.
1310 2857 1427 2919 Sed
1455 2859 1607 2919 nihil
1648 2875 1735 2919 est
1777 2875 1902 2919 tam

314 2938 662 3000 incredibile
679 2952 699 3011 ,’
743 2940 906 3020 quod
951 2961 1074 3000 non
1120 2938 1372 3000 dicendo
1418 2943 1522 3000 fiat
1561 2940 1902 3022 probabile:

316 3019 474 3080 nihil
516 3035 637 3080 tam
668 3019 1011 3094 horridum,
1066 3037 1186 3081 tam
1221 3021 1548 3093 incultum,
1586 3018 1751 3103 quod
1776 3041 1903 3080 non

317 3101 686 3185 splendescat
744 3101 1009 3162 oratione
1028 3147 1046 3178 ‚
1126 3118 1185 3162 et
1243 3118 1522 3186 tanquam
1576 3101 1902 3167 excolatur.

1657 3192 1663 3200 “
1723 3180 1909 3266 Quod

370 3346 388 3369 ι
415 3332 506 3388 cod.
528 3334 631 3369 voss.
659 3332 738 3370 Ns·
766 3342 824 3367 ιο.
858 3344 949 3377 quno
973 3345 1043 3367 non
1068 3334 1174 3378 plano
1200 3335 1411 3379 probantur.

367 3407 391 3431 a
413 3391 501 3434 Codss
533 3408 586 3432 ιο.
618 3396 698 3434 Sed
722 3398 760 3431 in
795 3397 956 3440 margine
1001 3398 1228 3438 adm-imum.
1254 3398 1329 3439 Ea.
1352 3401 1477 3436 Princ.
1513 3399 1624 3444 Mega
1664 3398 1731 3433 Sed
1767 3399 1918 3446 minutis

1098 3447 1166 3524 A
