2392 4062
681 262 1071 320 CICERONIS
1107 261 1533 319 PARADOXA.
1841 270 1912 323 45

326 425 412 478 19.
463 423 568 460 mu
586 405 671 460 nd
687 426 792 461 um
829 419 1010 459 autem
1049 418 1266 459 censent
1306 435 1344 444 -
1383 403 1535 478 quasi
1571 422 1912 463 communem

319 493 487 549 urbe
501 513 558 548 m
595 508 648 548 et
683 494 1018 548 civitatem.''
1339 500 1343 504 ’

398 583 518 651 Qui
535 591 589 637 te
615 582 870 651 beatum,·
887 580 1292 655 quiflorentem
1302 581 1523 653 puta-§.J
1562 576 1766 635 Eadem
1778 584 1911 652 jun-

315 685 519 742 guntur
574 671 738 739 huius
794 670 988 726 Parad.
1030 669 1160 725 fine.
1214 668 1388 736 »idem
1431 681 1487 722 et
1534 668 1571 721 h
1585 687 1655 723 ea
1670 682 1808 726 tum
1855 686 1912 727 et

314 756 368 812 fl
383 760 644 815 orenS.”
688 777 788 834 pro
824 757 1011 818 Milon.
1039 757 1134 815 54.
1177 756 1329 813 »Sint
1363 756 1505 812 flor
1519 777 1548 812 e
1569 778 1607 813 n
1621 772 1642 814 t
1656 778 1752 832 es,
1800 763 1910 820 sint

226 875 230 882 =
312 846 351 901 b
367 865 431 901 ea
449 847 564 902 ti.’'

388 935 467 990 Te
520 946 781 1011 torquent
795 961 815 992 .·
863 947 929 992 tu
963 936 1086 991 dies
1135 946 1431 1011 noctesque
1470 941 1792 1012 cruciaria.]
1830 939 1914 997 De

309 1020 437 1079 Fin.
487 1023 555 1080 V.
592 1042 680 1080 10.
728 1044 923 1081 »crue
941 1027 1075 1080 iari
1110 1025 1262 1079 dies
1283 1065 1301 1095 ,
1346 1039 1579 1082 noctes
1618 1041 1908 1105 torque-

307 1113 367 1168 ri
393 1112 650 1169 vellent.''
681 1113 883 1170 ibidem
902 1116 952 1171 1.
988 1116 1066 1170 16.
1107 1134 1331 1188 »easque
1349 1116 1488 1188 ipsas
1501 1114 1905 1190 sollicitudines,-

306 1202 506 1276 qui'bus
565 1221 755 1259 eorum
801 1205 969 1257 animi
1026 1217 1272 1258 noctes
1315 1217 1522 1276 atque
1565 1206 1714 1261 dies
1749 1225 1903 1262 exe-

303 1291 631 1349 dutum-3¹
672 1294 806 1369 ihiq.
856 1290 1027 1348 Goer.
1069 1305 1124 1346 et
1176 1288 1401 1345 Ruhnk.
1459 1290 1528 1345 ad
1570 1291 1703 1348 Rut.
1753 1292 1901 1368 Lup.

302 1380 348 1436 I.
384 1400 444 1457 p.
494 1401 580 1438 11.

378 1473 458 1531 Te
491 1473 864 1528 conscientiae
897 1470 1201 1526 stimulant
1234 1460 1695 1538 maleficiorum]
1754 1465 1898 1522 Phil.

298 1557 367 1613 V.
405 1559 461 1614 6.
509 1558 820 1615 ›rsa-elerum
863 1556 1210 1629 magnitudo,
1246 1554 1568 1610 conscientia
1616 1552 1904 1610 maleficio-¹

296 1647 484 1702 rum.''
517 1645 600 1702 De
636 1649 698 1704 vi*
728 1647 1098 1702 Conscientiae
1136 1638 1382 1700 videatur
1416 1643 1528 1698 Pro*
1570 1642 1763 1702 Milon.
1804 1647 1895 1702 23.

375 1735 454 1789 Te
488 1745 668 1790 metus
707 1735 1082 1804 exanimant]
1119 1753 1220 1806 pro
1257 1730 1451 1788 Milon.
1494 1731 1560 1785 24
1609 1732 1769 1790 »Non
1805 1757 1899 1810 po·

298 1835 469 1876 teram
504 1823 562 1877 in
596 1822 740 1883 illius
788 1824 897 1878 mei
944 1823 1260 1897 patriaeque
1296 1820 1530 1876 custodis
1581 1835 1728 1878 tanta
1773 1845 1896 1880 sus·-

292 1911 536 1983 picione,
575 1932 687 1967 non
724 1926 906 1966 metu
940 1910 1392 1969 exanimari.”

375 2001 454 2056 Ut
478 2003 748 2058 Furiae-
767 2001 1043 2075 respirare
1079 2018 1194 2052 non
1227 1999 1467 2071 sinunt]
1504 1999 1639 2056 Vide
1674 2001 1889 2058 Manut-

292 2087 360 2141 ad
395 2089 454 2143 h.
493 2088 532 2143 l.
570 2088 734 2144 Conf.
773 2109 875 2163 pro
909 2090 1068 2143 Rosc.
1108 2087 1233 2141 Am.
1281 2087 1368 2142 24.
1407 2088 1717 2150 »Videtisne
1738 2122 1777 2132 —
1803 2105 1890 2146 ta-

290 2194 416 2231 men
433 2216 453 2248 ,
502 2191 566 2232 ut
600 2197 691 2232 eos
727 2179 931 2248 agitent
966 2177 1195 2246 Furiae,
1243 2164 1435 2249 'neque
1470 2179 1758 2236 consistere
1791 2198 1889 2237 us·-

289 2284 454 2339 quam
499 2265 837 2340 patientur.”
873 2264 1022 2336 Virg.
1062 2264 1201 2318 Aen.
1241 2264 1336 2318 IV.
1376 2265 1502 2338 469.
1541 2286 1695 2341 seqq.

346 2351 725 2409 Eumenidum
751 2353 918 2409 veluti
942 2353 1162 2409 demens
1185 2354 1331 2409 videt
1353 2355 1566 2426 agmina
1585 2356 1881 2412 Pentheus-

285 2440 473 2516 ibique
483 2471 489 2481 ··
509 2441 770 2518 Heynius.
817 2443 1073 2496 Racinius
1097 2443 1155 2496 in
1182 2442 1429 2497 Britann.
1452 2444 1575 2500 Act.
1618 2443 1666 2498 V
1692 2465 1766 2500 sc.
1789 2447 1846 2500 6.

365 2530 472 2585 Tea
492 2531 739 2585 remords
760 2540 814 2585 te
827 2531 1104 2599 saiw-ont,
1131 2549 1341 2584 comme
1354 2541 1558 2587 autant
1569 2533 1641 2587 de
1651 2534 1879 2588 Fun‘es.

284 2617 366 2675 De
413 2621 581 2676 verbo
632 2622 906 2694 respirare
968 2619 1079 2673 vid.
1140 2617 1357 2673 Schutz.
1427 2619 1562 2675 Lex.
1641 2619 1757 2677 Cic.
1821 2623 1882 2676 in

283 2726 738 2854 Ὗοῢρθὲιαηιοὂιιενη.
766 2790 834 2836 ut
874 2778 1126 2854 improbo
1143 2818 1161 2848 ,
1221 2789 1278 2835 et
1319 2780 1491 2835 stulto
1507 2818 1526 2849 ‚
1575 2791 1631 2836 et
1666 2781 1878 2853 inerti.]

282 2863 438 2922 Verr.
459 2867 667 2922 IV.41.
709 2868 836 2923 »Tu
867 2868 966 2922 ista
999 2865 1345 2940 stultitia,
1385 2869 1658 2943 nequitia,
1694 2869 1879 2923 iner-

283 2956 382 3010 tia
401 2988 438 3000 -
458 2958 596 3011 tueri
634 2972 784 3030 potes
796 2955 862 3011 ?''

349 3044 475 3098 Nec
523 3065 651 3101 vero
678 3077 716 3086 —
744 3065 856 3099 non
892 3045 1186 3100 laudanda
1221 3045 1344 3100 vita
1379 3048 1507 3118 est]
1546 3045 1613 3101 de
1648 3044 1775 3101 Seu.
1814 3066 1871 3120 9.

279 3126 453 3183 »Nec
498 3131 593 3186 ulli
656 3134 924 3188 bonarum
984 3135 1184 3186 artium
1250 3135 1488 3206 magistri
1547 3158 1679 3192 non
1730 3138 1872 3195 beati

276 3220 628 3292 putandi.'’

955 3341 1191 3404 m
1857 3407 1865 3413 .

1741 3426 1871 3483 PA-
