2392 4062
563 239 635 294 42
886 220 894 229 ’
935 242 1632 301 ANJMADVERsloNEs
1688 224 1765 300 IN

559 381 809 436 stans.'’
837 380 995 437 Phil.
1036 381 1134 437 111.
1178 400 1263 438 ιο.
1304 382 1585 454 »Magno
1627 388 1852 446 animo
1901 403 1954 444 et
1993 410 2148 446 con-

561 484 715 526 stan
732 469 844 524 ti.”

639 556 758 626 Qui,
794 568 877 614 tot
914 558 1187 612 virtutum
1215 558 1508 638 praesidio
1522 597 1543 623 ,
1592 569 1856 635 tantoque
1914 567 2148 622 comita·
2228 552 2231 557 ¹

558 648 666 718 tta]
723 645 811 699 Sic
846 665 1030 701 omnes
1096 645 1400 700 ediderunt.
1439 644 1637 720 Scripti
1716 654 1852 706 mire
1902 636 2142 724 variant3

553 736 651 808 qui
687 752 838 788 error
884 733 1206 806 repetendus
1258 730 1471 790 videtur
1520 754 1590 790 ex
1637 727 1756 798 ¹loco
1797 739 1990 795 Parad.
2046 740 2142 795 IV.

559 842 612 877 1.
663 823 742 876 in.
799 820 1100 897 »Sapientis
1139 823 1350 877 animus
1378 853 1416 864 —-
1451 824 1740 879 virtutibus
1773 825 2006 902 denique
2033 847 2145 886 om-

554 913 715 967 nibus
740 926 803 966 ut
832 912 1187 973 moenibus
1221 925 1478 986 septus.
1517 912 1695 984 »Hinc
1721 913 1810 968 alii
1830 929 1952 988 post
1975 934 2142 986 prae·

555 1002 704 1056 sidio
728 1000 922 1054 dedere
943 1002 1215 1067 munitu⁸3
1238 999 1347 1070 alii,
1372 1013 1435 1054 ut
1462 999 1610 1056 Edit.
1637 1001 1784 1075 Mog.
1811 1001 1959 1058 Anni
1987 1002 2150 1073 1465..

549 1102 673 1163 post
707 1090 978 1146 comitatu
1021 1088 1278 1143 affinxere
1315 1098 1523 1160 septus.

630 1180 770 1234 Cam.
810 1198 1007 1252 corpus
1047 1180 1166 1251 ey'us
1206 1178 1731 1251 caperetur-capu]
1782 1176 1865 1242 De
1902 1177 2059 1242 Orat.
2091 1177 2137 1238 Ι.

547 1267 643 1321 52.
692 1264 886 1338 »Quae
927 1264 1143 1340 (virtus)
1186 1279 1241 1319 et
1287 1285 1496 1339 semper
1539 1280 1594 1320 et
1645 1265 1754 1329 sola
1811 1265 1978 1319 libera
2025 1279 2137 1336 est,

545 1342 827 1429 quaeque,
877 1354 1083 1408 etiamsi
1127 1372 1351 1427 corpora
1406 1367 1613 1428 capta
1663 1354 1808 1409 sint
1849 1355 2010 1408 armis
2043 1367 2147 1414 aut,

545 1443 831 1497 constricta
877 1440 1164 1497 vinculi5.”
1222 1441 1291 1494 de
1337 1440 1461 1498 Fin.
1516 1441 1618 1497 ΙΠ.
1647 1491 1658 1494 e
1684 1460 1769 1496 22.
1836 1441 2137 1517 »Sapientis

546 1531 753 1584 etiamsi
800 1549 1053 1603 corpus
1103 1530 1664 1600 constringatur,
1724 1532 1906 1586 animo
1955 1545 2135 1586 tamen

543 1616 779 1672 vinicula
815 1618 969 1687 injici
995 1615 1142 1672 nulla
1167 1617 1428 1692 possint.”
1465 1615 1616 1672 Olim
1643 1617 1920 1689 legebatur
1937 1638 2135 1692 calpe—

545 1707 916 1779 retur-carpi.
2113 1767 2117 1770 Δ
2131 1751 2143 1759 ,Α

624 1794 938 1866 Vidimus.]
967 1792 1048 1846 De
1085 1792 1439 1867 aequalibus.
1482 1793 1576 1847 Fr.
1619 1811 1721 1868 pro
1763 1791 1964 1848 Scauro
2008 1812 2132 1868 pag.

545 1882 707 1953 1057.
766 1879 904 1935 Ern.
974 1880 1107 1936 »Illa
1154 1880 1492 1951 audivimus-‚3
1552 1880 1658 1936 hoc
1708 1900 1836 1936 vero
1875 1882 2133 1936 memini-

536 1987 658 2035 mus
712 1988 774 2022 ac
822 1986 962 2042 pene
1014 1967 1371 2023 vidimus.'’
1433 1968 1595 2023 Conf.
1653 1988 1755 2043 pro
1806 1967 1990 2025 Sextio
2043 1987 2130 2026 22.
2168 2032 2171 2034 ,

535 2054 1054 2126 »Memineram‚
1121 2054 1372 2127 judices,-
1425 2055 1673 2113 divinum
1715 2056 1872 2113 illum
1915 2059 2128 2128 virum,

533 2159 699 2218 atque
745 2164 814 2199 ex
848 2144 1069 2214 iisdem,
1111 2144 1308 2220 quibus
1345 2163 1442 2198 nos
1456 2183 1473 2214 ‚
1514 2144 1783 2202 radicibus
1822 2159 2013 2205 natum
2059 2147 2130 2204 ad

538 2233 770 2288 salutem
809 2233 1023 2307 imperii
1071 2231 1234 2300 hujus
1275 2230 1341 2287 O.
1380 2228 1675 2287 Marium.'’

606 2320 872 2376 Secundi-s·
920 2321 986 2375 in
1041 2319 1206 2373 rebus
1244 2350 1283 2361 -
1322 2319 1384 2372 in
1433 2320 1731 2393 adversis.]
1774 2319 1862 2376 Sic
1905 2319 2122 2378 Sohutz.

536 2428 664 2464 cum
681 2407 955 2463 Ernestio.
971 2404 1634 2479 GernhardusGraevium-
1653 2424 1863 2464 secutus
1894 2429 2127 2484 praepo·

533 2498 751 2551 sitiones
798 2494 1014 2550 delevit.
1060 2495 1139 2548 Re
1149 2495 1406 2554 tinuimus
1450 2496 1744 2566 vulgatum.
1789 2495 1952 2552 Conf.
1990 2498 2121 2554 Rut.

532 2585 673 2659 Lup.
708 2583 780 2638 11.
822 2604 880 2658 p.
929 2600 1048 2638 122.
1101 2582 1214 2638 »In
1248 2584 1453 2639 rebus
1501 2584 1822 2640 adver-sis
1856 2586 1943 2640 cui
1966 2605 2125 2660 prae-

530 2685 615 2725 sto
669 2684 749 2726 est
808 2670 1119 2741 consilium,
1174 2691 1285 2726 non
1337 2687 1513 2746 potest
1565 2672 1744 2729 deesse
1796 2674 2120 2731 auxilium.”

531 2762 734 2831 LocuS,
759 2780 923 2834 quem
953 2760 1227 2816 Manutius
1248 2763 1376 2817 citat
1398 2782 1426 2817 e
1452 2762 1651 2833 Bruto,
1678 2775 1850 2816 exstat
1875 2782 1992 2836 cap.
2027 2783 2118 2838 51.

531 2849 691 2904 »Vidi
728 2850 873 2904 enim
910 2847 1181 2922 Mytilenis
1221 2870 1395 2924 nuper
1434 2852 1698 2919 virum,
1725 2864 1897 2924 „atque
1933 2865 1997 2905 ut
2033 2851 2150 2907 di--x

525 2939 618 3008 xi,
665 2937 775 2991 vidi
809 2936 968 3011 plane
1014 2938 1248 2992 virum-'³
1287 2938 1448 2992 Plura
1485 2937 1637 2991 dabit
1676 2936 1832 2992 Face.
1863 2939 1922 2992 in
1966 2958 2115 2994 voce.

597 3027 826 3081 Nomen
854 3035 1075 3082 tantum
1104 3027 1328 3082 virtutis
1358 3045 1595 3098 usurpas
1612 3063 1631 3094 ‚
1669 3027 1812 3099 quid
1849 3027 1978 3098 ipsa
2013 3048 2115 3083 va-

524 3116 667 3181 leat,
701 3117 975 3188 ignaram]
1005 3115 1111 3169 Pro
1143 3112 1327 3169 Sextio
1363 3112 1447 3167 28.
1473 3113 1922 3186 »Ignari-quid
1963 3114 2116 3168 deni-

530 3221 636 3275 que
685 3204 911 3263 virtus
966 3201 1291 3257 valeret.'’
1331 3203 1390 3262 in
1426 3201 1608 3255 Pison.
1652 3202 1740 3259 52.
1782 3202 1980 3257 »habet
2010 3202 2114 3262 hoc

522 3292 778 3362 virtus,
815 3312 979 3367 quam
1022 3306 1082 3349 tu
1121 3310 1189 3350 ne
1220 3288 1286 3354 de
1315 3290 1447 3349 facie
1490 3289 1709 3364 quidem
1753 3290 1950 3357 nostiss’
2118 3368 2121 3370 Ι

1786 3409 1789 3411 -
1993 3379 2108 3448 Qui
