2392 4062
604 273 675 333 16
840 343 843 347 ,
925 273 1021 335 M.
1067 270 1375 332 TULLII
1415 270 1869 338 CICERONIS

596 442 688 480 res
731 419 1038 481 tollentem
1068 439 1202 479 cum
1230 417 1439 494 video,
1482 440 1715 483 servum
1755 439 1812 485 te
1840 447 1961 488 esse
1991 428 2171 512 inep-

597 502 812 560 tiarum
844 500 1108 578 omnium
1135 497 1356 578 judico·
1440 499 1656 563 Nonne
1688 504 1867 585 igitur
1893 512 2029 569 sunt
2052 504 2198 571 ista'

596 581 847 641 festiva?
904 577 1055 638 Sint.
1140 578 1297 639 Nam
1343 601 1449 640 nos
1497 603 1730 666 quoque
1773 587 1974 649 oculos
2016 610 2163 651 eru-

598 663 768 721 ditos>
793 661 1093 724 habemus,
1191 658 1308 720 Sed
1348 662 1590 722 obsecro
1649 680 1738 738 te,
1792 665 1875 726 ita
1921 685 2166 731 venusta

597 742 921 800 habeantur
943 741 1083 814 ista,
1115 745 1237 809 non
1262 758 1331 802 ut
1351 741 1590 803 vincula
1604 744 1864 805 virorum
1877 746 2027 823 sint,
2061 748 2167 811 sed

599 837 667 880 ut
685 821 1115 880 oblectamenta
1140 843 1479 903 puerorum.
1533 819 1697 905 Quid
1729 825 1889 898 enims
1929 834 2165 891 censes?

598 903 646 963 si
686 900 761 960 L.
805 900 1135 961 Mummius
1172 903 1431 984 aliquem
1457 901 1704 962 istorum
1734 905 1996 982 videret,
2037 932 2176 971 tna--¹

600 982 906 1043 tellionem
947 980 1326 1043 Corinthium
1378 971 1750 1063 cupidissime
1788 982 2167 1064 tractantem,

599 1085 736 1123 cum
766 1061 890 1144 ipse
918 1078 1103 1123 totam
1132 1061 1487 1124 Corinthum
1513 1065 2169 1138 contemsissem-utrum

602 1143 776 1203 illum
817 1143 1005 1203 civem
1047 1145 1460 1216 excellentem,
1490 1166 1566 1204 an
1593 1146 1905 1207 atriensem
1936 1147 2175 1228 diligam

602 1241 723 1284 tem
748 1228 1023 1306 putaret?
1055 1225 1398 1287 Reviviscat
1426 1224 1520 1284 Μ’
1562 1223 1804 1302 CuriUS,
1838 1243 1941 1287 aut
1965 1249 2171 1298 eorum

600 1305 852 1388 aliquiS,
898 1326 1151 1386 quorum
1191 1307 1255 1365 in
1298 1306 1443 1366 villa
1491 1328 1558 1366 ac
1596 1304 1775 1367 domo
1801 1306 1957 1379 nihil
1983 1310 2175 1391 splen·

603 1385 811 1446 didum
832 1430 849 1461 ,
910 1384 1062 1446 nihil
1106 1403 1381 1447 ornatum
1426 1386 1540 1446 fuit
1586 1396 1820 1468 praeter
1874 1388 2031 1469 ipsos
2045 1406 2076 1466 ᾖ·
2112 1406 2174 1453 et

601 1467 802 1528 videat
825 1465 1111 1549 aliquem,
1147 1468 1386 1528 summis
1408 1467 1616 1549 populi
1640 1468 1939 1544 beneficiis
1966 1475 2138 1531 usum
2153 1515 2173 1545 ,

600 1548 942 1609 barbatulos
993 1546 1209 1609 mullos
1262 1563 1664 1630 exceptantem
1701 1551 1774 1608 de
1812 1549 2073 1643 piscina,
2101 1560 2174 1612 'et

600 1645 1091 1711 pertractantem,
1136 1645 1195 1689 et
1240 1650 1651 1703 muraenarum
1674 1650 1864 1711 ,copia
1911 1629 2176 1710 glorian-

604 1728 752 1770 tem:
789 1730 985 1777 nonne
1001 1711 1171 1789 liunc
1202 1709 1509 1769 hominem
1543 1711 1631 1771 ita
1658 1730 1894 1771 servum
1916 1709 2174 1791 judicet,

606 1809 674 1851 ut
713 1813 786 1850 ne
831 1790 896 1850 in
933 1790 1156 1850 familia
1179 1788 1694 1873 quidem'dig'num
1721 1790 2177 1873 majorcaliqu'o

608 1871 847 1951 negotio
885 1875 1096 1951 putet?
1177 1870 1287 1933 An
1320 1891 1527 1931 eorum
1552 1871 1801 1932 servitus
1837 1869 2018 1932 dubia
2048 1887 2175 1947 est,

589 1953 710 2034 ‘qui
752 1950 1076 2033 cupiditate
1127 1951 1346 2033 peculii
1387 1951 1617 2015 nullam
1644 1949 2047 2012 conditionem
2071 1962 2183 2011 ret-2·>

608 2049 814 2094 cusant
862 2030 1202 2113 durissimae
1237 2028 1575 2094 servitutis?
1657 2030 2021 2103 Hereditatis
2046 2052 2185 2112 spes,

648 2115 752 2174 uid
805 2112 1135 2197 iniquitatis
1204 2115 1268 2173 in
1338 2110 1646 2181 serviendo
1706 2131 1830 2171 non
1863 2179 1866 2182 ⁴
1898 2111 2179 2194 suscipit?

607 2137 807 2278 {Quem
846 2210 1059 2253 nutum
1103 2192 1418 2276 locupletis
1458 2192 1587 2251 orbi
1621 2190 1773 2251 senis
1814 2211 1938 2262 noun
1976 2193 2182 2253 obser-

608 2279 748 2337 vat?
826 2273 1123 2357 Loquitur
1163 2273 1241 2333 ad
1277 2271 1679 2341 voluntatem3
1745 2270 2038 2355 quidquid
2089 2268 2185 2334 de-

609 2354 956 2415 nunciatum
991 2353 1104 2431 sit,
1137 2354 1279 2415 facit
1292 2378 1313 2425 3
1342 2369 1677 2424 assectatur,
1709 2351 2183 2427 assidet,mune-

611 2452 796 2496 ratur.
894 2434 1057 2519 Quid
1115 2436 1330 2495 horum
1376 2449 1463 2494 est
1499 2433 1712 2516 liberi?
1755 2431 1902 2516 quid
1928 2430 2183 2517 denique

616 2538 740 2577 non
786 2518 939 2576 servi
980 2516 1225 2576 inertis?
1740 2558 1743 2561 -
2126 2516 2129 2518 ’

693 2598 820 2657 ΙΙΙ.
863 2595 1065 2678 Quid?
1107 2601 1223 2679 jam
1250 2595 1357 2655 illa
1395 2593 1682 2676 cupiditas
1730 2597 1910 2677 (quae
1950 2592 2184 2655 videtur

612 2699 734 2738 esse
762 2678 1092 2754 liberalior)
1115 2677 1386 2751 honoris,
1416 2675 1679 2757 imperii,
1711 2675 2183 2756 provinciarum,
2271 2710 2273 2712 -

618 2781 797 2842 quam
823 2760 970 2818 dura
995 2773 1082 2818 est
1105 2757 1371 2818 domina!
1418 2778 1596 2839 quam
1618 2755 1963 2836 imperiosal
2006 2775 2186 2836 quam

616 2839 961 2902 vehemens!
1045 2837 1344 2922 Cethego,
1400 2835 1626 2897 homini
1669 2857 1790 2896 non
1830 2833 2187 2917 probatissi-

617 2942 750 2992 m0‚
799 2920 1018 2980 servire
1063 2918 1254 2999 coegit
1299 2939 1435 2992 eos,
1475 2916 1580 2998 qui
1618 2916 1731 2976 sibi
1778 2937 1897 2977 esse
1944 2914 2190 2996 amplis-

619 3002 752 3061 simi
797 2999 1150 3061 videbantur
1164 3023 1185 3069 3
1242 3020 1493 3059 munera
1529 2996 1760 3057 mittere
1785 3040 1802 3070 ,
1862 3010 2044 3055 noctu
2082 3015 2192 3055 ve·-

619 3081 748 3141 nire
791 3079 1037 3141 domum
1084 3079 1159 3141 ad
1203 3101 1371 3154 eum,
1415 3077 1672 3161 precari,
1732 3075 2004 3158 denique
2036 3096 2189 3156 sup-

620 3162 863 3244 plicare.
958 3161 1127 3244 Quae
1190 3160 1439 3222 servitus
1490 3173 1608 3233 est,
1662 3157 1711 3217 si
1759 3157 1905 3216 haec
1949 3155 2190 3225 libertas

625 3243 942 3301 existimari
1004 3245 1237 3324 potest?
1335 3236 1539 3322 Quid?
1604 3241 1747 3298 cum
1799 3235 2190 3318 cupiditatum

627 3322 960 3392 dominatus
989 3320 1233 3394 excessit
1250 3365 1266 3396 ,
1288 3336 1352 3379 et
1380 3319 1527 3380 alius
1558 3334 1642 3378 est
1669 3316 1940 3384 dominus
1958 3327 2193 3376 exortus

775 3410 777 3416 ’
2122 3411 2194 3452 ex
