2392 4062
683 346 686 349 »
755 307 1281 369 PARADOXA.·
1440 301 1445 308 ’
1723 322 1726 326 “
1805 328 1878 373 21

215 493 223 501 s
305 475 453 522 onus
490 472 533 516 ¹.
578 452 671 517 Ex
697 456 1024 517 meotenui
1051 457 1327 543 vectigali
1350 453 1662 532 ,detractis
1681 458 1896 519 sumti-'

346 559 414 601 us
446 537 820 619 cupiditatis,
853 537 1082 622 aliquid
1122 540 1301 600 etiam
1332 535 1710 600 redundabit.
1754 538 1877 599 Ut·-

305 637 395 685 ter
422 617 604 700 igitur
635 633 723 686 est
753 617 967 693 ditior,
1008 619 1104 681 cui
1132 618 1326 693 deest,
1368 641 1444 680 an
1472 619 1569 680 cui
1600 629 1879 701 superat?

303 699 598 786 quieget,
638 721 715 761 an
746 698 849 786 qui
895 701 1192 771 abundat?
1235 704 1403 778 cuius
1431 702 1718 784 possessio
1754 721 1875 785 quo

305 781 394 844 est
434 780 656 863 major,
698 802 769 842 eo
850 780 944 841 lus
969 779 1221 864 requirit
1262 780 1338 840 ad
1364 803 1424 842 se
1455 781 1764 855 ,tuendamz
1803 803 1882 849 an

305 862 457 946 quae
471 862 592 924 suis
608 883 668 925 se
692 862 806 924 viri
851 883 918 923 us
945 863 1231 923 sustinet?
1260 861 1378 922 Sed
1404 860 1549 945 quid
1566 883 1674 944 ego
1692 860 1766 923 de
1786 884 1881 923 me

304 943 557 1036 loquor,
592 943 695 1026 qui
727 964 964 1004 morum
992 964 1059 1003 ac
1084 961 1420 1025 temporum
1446 943 1594 1004 vitio
1622 944 1885 1026 aliquan-

308 1041 438 1085 tum
475 1024 654 1084 etiam
697 1024 717 1084 i
764 1046 822 1085 se
860 1024 1104 1085 fortasse
1138 1023 1202 1084 in
1232 1023 1406 1104 hujus
1436 1024 1655 1086 saeculi
1687 1045 1885 1086 errore

308 1108 546 1166 verser?
603 1046 993 1177 M’Ii‘lanilius
1019 1121 1258 1186 patrum
1283 1119 1621 1168 nostrorum
1648 1126 1887 1166 memo-

310 1186 399 1248 ria
453 1186 557 1263 (ne
601 1206 832 1268 semper
858 1184 1070 1250 Curios
1103 1202 1163 1246 et
1208 1184 1499 1248 Luscinos
1537 1185 1890 1269 loquamur)

355 1288 538 1361 anper
575 1265 818 1334 tandem
836 1266 976 1330 fuit.
1058 1265 1285 1328 Habuit
1314 1265 1474 1327 enim
1498 1265 1795 1337 aediculas
1825 1267 1891 1325 in

310 1291 580 1423 EariniS,
619 1362 679 1408 et
715 1346 971 1410 fundum
1006 1345 1071 1407 in
1111 1346 1438 1407 Labicano,
1533 1349 1592 1408 N
1637 1368 1665 1408 s
1707 1347 1728 1407 i
1769 1346 1892 1407 itur

286 1428 591 1504 ditiores,
624 1426 729 1514 qui
754 1428 934 1520 plura
962 1427 1286 1499 habemus?-
1329 1426 1580 1492 Utinam
1696 1427 1716 1490 i
1762 1428 1891 1489 em!

313 1509 433 1571 Sed
470 1530 595 1570 non
626 1510 1034 1587 aestlmatione
1075 1530 1320 1583 censm,
1357 1530 1566 1571 verum
1594 1526 1759 1574 victu
1789 1525 1894 1577 at:-

315 1612 430 1674 que
469 1590 638 1651 cultu
676 1590 1029 1654 terminatur
1083 1590 1371 1674 pecuniae
1421 1591 1655 1653 modus,
1749 1591 1896 1651 Non

315 1693 436 1732 esse
483 1671 800 1753 cupidum,
839 1671 1097 1756 pecunia
1122 1687 1247 1749 est-3
1286 1691 1412 1732 non
1443 1694 1566 1733 esse
1600 1693 1896 1745 emacem,

315 1751 573 1833 vectigal
617 1768 705 1813 est
717 1776 741 1825 3
787 1769 1136 1815 contentum
1181 1773 1324 1814 vero
1376 1752 1496 1814 suis
1533 1755 1709 1815 rebus
1739 1773 1897 1825 esse,

316 1833 600 1902 maximae
628 1851 767 1895 sunt
785 1880 803 1911 ‚
833 1834 1311 1918 certissimaeque
1342 1832 1608 1896 divitiae.
1657 1834 1902 1896 Etenim

318 1917 368 1974 si
403 1914 502 1975 isti
544 1914 748 1977 callidi
783 1937 984 1986 rerum
1025 1915 1426 1977 aestimatores
1450 1933 1622 1997 prata
1651 1931 1712 1977 et
1741 1935 1903 1975 areas

318 1993 604 2078 quasdam
654 2017 871 2078 magno
929 1998 1276 2072 aestimant,
1355 1997 1519 2079 quod
1573 2001 1630 2057 ei
1703 1995 1904 2078 generi

318 2077 754 2158 possessionum
777 2075 1023 2150 minime
1054 2076 1221 2162 quasi
1250 2077 1451 2140 noceri
1464 2093 1689 2159 potest:
1723 2098 1914 2162 quam·

321 2157 368 2216 ti
413 2172 501 2218 est
543 2156 909 2222 aestimanda
949 2157 1178 2234 virtus,
1224 2179 1374 2241 quae
1420 2179 1530 2218 nec
1573 2158 1756 2240 eripi,
1797 2178 1910 2218 nec

318 2238 538 2320 surripi
593 2254 791 2320 potest
838 2259 1161 2320 umquam3
1201 2259 1395 2320 neque
1423 2239 1767 2320 naufragio,
1800 2259 1912 2298 ne·-

320 2341 437 2402 que
482 2317 760 2386 incendio
792 2318 1087 2390 amittitur
1099 2342 1124 2395 ς,
1162 2338 1276 2383 nec
1302 2327 1755 2401 tempestatum,
1797 2339 1910 2379 nec

273 2399 278 2403 ’
321 2414 659 2483 temporum
675 2400 1121 2482 perturbatione
1140 2403 1446 2474 mutatur?
1505 2423 1623 2484 qua
1653 2397 1911 2485 praediti

367 2479 430 2540 ui
474 2498 647 2558 sunt,
694 2481 808 2542 soli
850 2498 989 2543 sunt
1030 2480 1268 2554 divites.
1353 2479 1481 2542 Soli
1509 2481 1666 2543 enim
1707 2480 1910 2564 possi-

324 2501 470 2622 dent
514 2583 607 2623 res
652 2577 713 2624 et
754 2562 1083 2630 fructuosas
1128 2579 1189 2623 et
1229 2561 1645 2644 sempiternas:
1682 2562 1915 2646 solique

327 2644 356 2720 (
402 2640 525 2703 uod
565 2659 654 2716 est
697 2643 1007 2725 proprium
1044 2642 1422 2721 divitiarum)
1469 2643 1736 2724 contenti
1779 2661 1920 2704 sunt

328 2746 390 2783 re
436 2745 504 2784 us
548 2724 688 2785 suis.
773 2724 926 2785 Satis
971 2746 1094 2785 esse
1140 2740 1397 2807 putant,
1427 2727 1619 2806 *quod
1663 2742 1783 2795 est:
1816 2725 1922 2784 ni·-

326 2804 415 2864 hil
458 2820 779 2887 appetunt,
827 2805 997 2865 nulla
1038 2828 1101 2866 re
1143 2821 1353 2890 egent,
1391 2806 1543 2866 nihil
1574 2806 1686 2866 sibi
1717 2806 1919 2867 deesse

327 2884 623 2959 sentiunt,
671 2886 824 2947 nihil
850 2886 1181 2979 requirunt.
1274 2885 1546 2969 Improbi
1594 2905 1827 2960 autem,
1864 2903 1924 2946 et

327 2965 524 3043 avari,
573 2967 857 3054 quoniam
891 2983 1176 3044 incertaS,
1227 2982 1403 3061 atque
1443 2991 1507 3031 111
1526 2990 1674 3050 'casu
1703 2967 1926 3051 positas

1805 3047 1923 3115 ha·-

384 3275 402 3300 ι
435 3264 534 3300 Haec
559 3271 611 3300 est
634 3265 740 3301 lectio
764 3266 849 3300 cod.
883 3276 936 3302 ιο.
991 3268 1108 3311 Quam
1134 3265 1171 3300 in
1210 3271 1349 3300 textum
1381 3262 1538 3312 recipere
1566 3277 1640 3301 non
1673 3265 1926 3301 dubitavimus.

330 3331 429 3379 yid.
449 3339 573 3370 nostra
599 3344 685 3369 um⁴
712 3334 757 3369 ad
782 3333 817 3369 h.
846 3334 871 3368 Ι.

1068 3431 1196 3497 135
