2392 4062
839 236 1366 305 PARADOXA.·
1425 240 1433 244 ’
1576 241 1582 246 ’
1852 257 1928 326 17

332 414 403 454 ex
445 388 810 452 conscientia
871 407 1285 470 peccatorum,
1345 388 1561 450 timor?
1657 409 1795 450 uam
1841 407 1931 453 est

328 474 437 534 illa
473 472 725 546 misera,
773 491 954 554 quam
999 469 1150 531 dura
1178 470 1463 534 ser‘vitus!
1547 411 1656 533 Ad

330 555 490 616 tibus
563 552 746 635 paulo
825 550 1269 632 loquacioribus
1350 567 1440 612 est
1513 551 1891 616 serviendum
1905 577 1929 626 3

328 653 571 709 omnes,
627 631 732 716 qui
776 629 1007 714 aliquid
1056 632 1205 692 scire
1263 631 1584 708 videntur,
1642 651 1931 718 tanquam

329 713 592 790 domini,
650 712 957 774 timentur.
1043 710 1232 772 Iudex
1278 732 1422 774 vero
1475 730 1768 797 quantum
1808 713 1930 775 ha·-

327 798 432 864 bet
481 790 892 856 dominatum?
954 809 1076 873 quo
1131 791 1345 854 timore
1384 808 1665 856 nocentes
1708 794 1935 879 affigit-²2

326 880 438 939 An
499 897 623 936 non
685 890 774 937 est
831 874 1023 935 omnis
1083 887 1314 948 metm,
1373 873 1664 936 servitus?
1705 932 1708 934 ,
1758 874 1928 959 Quid

327 958 494 1021 valet
521 954 703 1038 igitur
735 955 844 1018 illa
886 950 1357 1037 eloquentissimi
1383 954 1536 1030 viri,
1575 954 1652 1015 L.
1695 952 1931 1033 Crassi,

326 1039 568 1123 copiosa
583 1036 768 1119 magis
785 1079 806 1114 ,
880 1057 1018 1095 uam
1047 1034 1277 1117 sapiens
1293 1034 1525 1096 oratio?
1552 1036 1927 1117 Eripitenqc

326 1138 412 1181 m:
450 1120 773 1180 servitute.
833 1058 1003 1201 {uae
1027 1132 1115 1176 est
1134 1114 1255 1176 'ista
1279 1115 1566 1191 semitm,
1603 1133 1727 1177 tam
1758 1117 1924 1179 claro

322 1198 590 1275 homini,
631 1214 874 1280 tamque
918 1196 1148 1257 nobili?
1231 1194 1448 1256 Omnis
1492 1196 1677 1257 animi
1703 1195 1928 1259 debili·-

324 1281 478 1358 tati,
526 1295 588 1340 et
624 1277 907 1354 humilis,
963 1293 1024 1338 et
1064 1274 1242 1337 fracti
1293 1276 1615 1352 timidita5‚
1668 1278 1926 1342 servitus

323 1378 433 1423 est.
518 1360 733 1422 Nolite
768 1362 976 1420 sinere
1015 1375 1131 1418 nos
1173 1358 1464 1440 cuiquam
1501 1359 1761 1419 servite.
1844 1359 1931 1421 In-

320 1441 668 1504 Iibertatem
728 1438 1027 1506 vindicari
1094 1438 1271 1502 vult?
1366 1435 1651 1499 Minime.
1751 1437 1928 1524 Quid?

318 1522 484 1586 enim
522 1522 837 1609 adjungit?
888 1522 1015 1579 nisi
1049 1517 1225 1580 vobis
1257 1521 1595 1594 *universi-5.
1689 1517 1927 1582 Domi·-

317 1625 467 1666 num
503 1619 772 1680 mutare,
811 1621 937 1663 non
974 1601 1131 1662 liber
1171 1621 1295 1662 esse
1334 1599 1491 1663 vult.
1581 1599 1827 1684 Quibus
1856 1611 1925 1662 ec

248 1727 251 1730 -
309 1704 655 1765 possumus
692 1694 757 1745 et
795 1682 1111 1744 debemus,
1192 1682 1332 1743 Nos
1379 1703 1561 1757 vem,
1618 1681 1923 1765 siquidem·

317 1765 520 1827 animo
575 1765 842 1843 excelw,
913 1779 974 1824 et
1023 1763 1146 1825 alto
1164 1808 1182 1839 ,
1247 1778 1309 1824 et
1353 1761 1677 1825 virtutibus
1726 1775 1925 1846 evag--¹

318 1863 522 1987 {erato
573 1853 806 1924 sumus,
860 1863 975 1905 nec
1031 1845 1349 1921 debemUS‚
1416 1864 1529 1906 nec
1579 1864 1923 1928 possumus.

379 1950 420 1988 u
459 1949 630 2010 posse
676 1943 735 1988 te
791 1925 1013 2002 dicito,
1069 1926 1356 2010 quoniam
1410 1923 1653 2007 quidem
1686 1943 1926 2019 ‘potest

1659 472 1934 532 olescen-
1998 489 2001 491 ·

316 2005 535 2070 debere
572 2029 666 2069 xne
717 2005 970 2081 dixeriS‚
1026 2007 1333 2090 ‘quoniam
1391 2005 1545 2068 nihil
1600 2028 1918 2092 qmsqnam
2015 2086 2022 2093 ι

317 2085 530 2164 debet,
568 2089 684 2151 nisi
725 2085 892 2173 quod
934 2102 1023 2147 est
1067 2103 1236 2170 turpe
1275 2106 1401 2146 non
1435 2084 1704 2149 reddere.
1791 2086 1925 2149 Sed·

316 2167 464 2231 haec
504 2169 808 2232 hactenus.
892 2167 1010 2228 Ille
1065 2167 1300 2241 videat,
1358 2169 1661 2249 quomodo
1717 2168 1919 2252 impe-

314 2265 480 2310 rator
520 2262 646 2311 esse
680 2246 897 2332 possit}
954 2253 1092 2309 c'um
1148 2268 1286 2308 eum
1335 2269 1412 2309 ne
1459 2248 1715 2311 liberum
1768 2249 1912 2335 qui-

315 2328 453 2394 dem
492 2348 615 2395 esse·
657 2329 847 2409 ratio,
899 2343 961 2393 et
997 2326 1217 2394 veritas
1259 2327 1389 2414 ipsa
1421 2329 1760 2395 convincat.
1825 2338 1828 2341 ”
