2392 4062
542 289 610 344 44
959 288 1561 344 ANIMADVERSION
1571 291 1655 345 Es
1690 293 1768 346 IN

539 428 852 500 vigilias,
886 427 1245 482 consiliass’
1287 426 1446 482 Conf.
1487 428 1592 484 Pro
1634 431 1799 503 Arch.
1855 451 1937 491 11.
1975 435 2130 491 Verr.

535 516 603 572 V.
630 535 716 589 72.
738 530 875 570 extr.
905 515 1013 570 Pro
1049 513 1198 569 Coel.
1231 533 1312 587 19.
1337 514 1479 570 Phil.
1501 515 1597 574 IV.
1627 518 1682 573 6.
1712 539 1811 592 pro
1840 519 2015 589 Domo
2039 523 2139 596 57.'

619 607 695 660 Ut
728 612 789 657 eo
827 612 982 656 stata
1018 621 1222 667 essem,
1262 621 1428 677 quem
1453 621 1632 677 neque
1645 604 1920 677 fortunae
1966 618 2131 663 teme-

535 692 679 746 ritas
701 727 718 758 ,
748 707 924 762 neque
961 689 1316 744 inimicorum
1352 688 1720 764 labefactaret
1743 693 2007 772 injuriam]
2046 695 2128 753 De

532 775 710 843 Amic.
777 775 834 830 6.
905 775 1116 830 »Posita
1172 795 1284 831 non
1343 789 1455 832 tam
1501 777 1562 831 in
1618 781 1817 849 nostris
1856 783 2123 856 consiliis,

530 884 694 939 quam
726 865 785 918 in
816 864 1142 920 fortunae
1188 865 1664 922 temeritate.’'
1723 866 1972 944 Utroque
2002 870 2123 928 loco

529 972 657 1008 usus
696 967 775 1008 est
817 953 1041 1009 Ruhnk.
1080 953 1148 1008 a'd
1182 954 1313 1008 Rut.
1350 953 1494 1027 Lup.
1538 953 1610 1007 Π.
1649 973 1708 1027 p.
1739 953 1827 1026 89.
1865 945 1956 1011 eui
1985 943 2136 1014 adde¹

526 1061 628 1115 pro
675 1043 807 1113 Reg.
859 1041 979 1113 Dej.
1036 1041 1119 1096 13.
1157 1041 1392 1112 »Magno
1444 1041 1630 1096 animo
1683 1054 1738 1095 et
1783 1056 1963 1098 erecto
2005 1057 2119 1114 est,

526 1149 628 1184 nec
675 1148 919 1205 unquam
953 1130 1265 1185 succumbet
1311 1129 1651 1201 inimicis,
1682 1147 1752 1184 ne
1790 1129 2120 1189 fortunae

525 1219 814 1295 quidem.”
851 1217 978 1273 Sall.
1018 1219 1081 1272 Β.
1121 1216 1186 1271 C.
1215 1217 1304 1273 55.

552 1313 556 1318 ’
601 1308 856 1375 Quorum
889 1326 1014 1378 cam
1050 1307 1174 1362 vita
1198 1308 1389 1361 omnia
1416 1305 1850 1379 exstinguuntur
1887 1335 1928 1347 -·
1963 1324 2118 1361 emo—-

518 1398 572 1453 ri
605 1416 720 1451 non
748 1397 982 1470 potest]
1075 1395 1181 1449 Pro
1236 1395 1407 1451 Areh.
1470 1410 1552 1447 12.
1610 1408 1709 1446 »ut
1756 1394 2115 1450 nobiscum

513 1484 671 1541 simul
715 1484 1061 1539 moritura
1104 1483 1286 1536 omnia
1341 1481 1702 1535 arbitremur.
1685 1478 1751 1520 '²¹³'
1823 1480 1978 1534 Brut.
2017 1481 2110 1552 96.

517 1587 657 1631 extr.
682 1591 784 1644 pro
809 1570 874 1625 C.
899 1570 1037 1623 Rab.
1073 1587 1153 1629 10
1180 1589 1282 1643 pro
1306 1566 1457 1621 Balb.
1485 1568 1538 1622 6.
1567 1567 1752 1624 »Mors
1773 1567 1919 1621 enim
1939 1586 2112 1643 quum

513 1658 854 1713 exstinxisset
904 1657 1196 1726 invidiam,
1263 1675 1353 1711 res
1406 1657 1522 1712 ei-us
1566 1669 1741 1727 gestae
1781 1655 2116 1729 sempiterni

511 1747 746 1815 nominis
782 1744 947 1817 gloria
987 1745 1311 1798 niterentur.
1314 1743 1356 1773 '²
1424 1742 1534 1798 Pro
1567 1743 1878 1796 niterentur
1911 1739 2110 1812 legen·-

512 1834 646 1889 dum
680 1834 909 1890 videtur
927 1832 1178 1899 Ernestio
1215 1840 1516 1889 uterentur.
1571 1829 1790 1885 Schutz.
1822 1828 2002 1884 locum
2030 1832 2107 1887 ita

511 1919 770 1993 explicat:
799 1939 972 1994 qaum
999 1939 1146 1975 mora
1173 1922 1530 1976 exstinxisset
1558 1919 1840 1987 invidiam
1854 1956 1876 1983 ‚
1911 1912 2102 1974 Pom-

493 2009 619 2080 peji
645 2028 729 2062 res
743 2018 942 2081 gestae
962 2008 1270 2062 niterentur
1293 2009 1410 2080 ejus
1427 2007 1621 2082 gloria
1633 2045 1657 2071 ,
1704 2017 1771 2062 ut
1779 2006 2122 2082 facilepoe-⁴

507 2107 631 2150 sent
665 2096 932 2160 adver-,aua
974 2097 1174 2170 iniqua
1178 2096 1414 2170 judicia
1437 2095 1754 2161 consistere.
1823 2093 1994 2151 Nobis
2034 2097 2102 2151 ‘in

504 2199 744 2254 mentem
788 2184 969 2254 venit3
1022 2185 1188 2239 Mors
1235 2184 1386 2239 enim
1427 2202 1599 2256 quum
1629 2183 1987 2238 exstinxisset
2023 2171 2130 2238 ia?

506 2273 726 2329 vidiam
735 2310 756 2335 ,
800 2292 886 2342 res
920 2274 1040 2343 ejus
1074 2281 1270 2344 gestae
1293 2270 1618 2342 sempiterni
1636 2270 1881 2325 nominis
1900 2271 2097 2345 gloria

502 2361 842 2414 niterent.
881 2357 1090 2414 Codicis
1114 2356 2095 2428 Voss.Lugd-Bat.502.f01.nites-

499 2455 685 2499 cerent
728 2444 885 2499 lectio
933 2465 1044 2499 non
1090 2447 1450 2519 repudianda,
1492 2462 1607 2500 orta
1630 2447 1769 2502 forte
1805 2466 1877 2502 ex
1908 2437 2111 2506 nostro*

499 2534 758 2590 niterent.
783 2533 966 2588 Livius
988 2534 1087 2594 ΙΙΙ.
1117 2552 1202 2588 12.
1242 2536 1343 2590 »L.
1375 2519 1687 2604 Lucretius,
1727 2533 1929 2588 Consul
1961 2537 2092 2590 anni

495 2622 688 2694 prioris
713 2658 730 2691 ,
769 2623 971 2675 recenti
1015 2620 1237 2693 gloria
1274 2624 1531 2677 nitens,
1536 2622 1571 2652 ''
1618 2620 1854 2693 .Quidni
1889 2620 2089 2696 syllaba

493 2730 567 2764 ur
598 2710 727 2764 huic
760 2708 878 2765 loco
925 2710 1049 2763 addi
1090 2712 1326 2783 potuerit
1349 2748 1364 2779 ,
1412 2724 1474 2763 ut
1504 2728 1563 2762 ea
1586 2707 1891 2762 Garatonio
1906 2708 2090 2764 abesse

493 2799 604 2852 visa
651 2812 731 2853 est
805 2817 906 2869 pro
950 2795 1123 2851 Domo
1174 2797 1266 2853 44.
1317 2797 1546 2867 legenti:
1613 2797 1774 2849 »emit
1828 2795 2081 2865 domum,

489 2886 841 2942 licitatoribus
880 2885 1177 2955 defatigatis
1192 2925 1209 2955 ‚
1249 2904 1417 2958 prope
1438 2882 1659 2936 dimidio
1679 2883 1851 2935 carius
1872 2913 1891 2950 ‚-
1918 2901 2083 2954 quam

495 2973 1061 3029 aestimabatur.”
1100 2994 1199 3046 pro
1255 2971 1401 3041 vulg.
1447 2969 1787 3024 aestimabat
1827 2969 1922 3022 ubi
1959 2969 2084 3023 vid-e

491 3059 709 3115 Schutz.

571 3147 776 3202 Orbem
799 3158 1076 3204 terrarum
1102 3168 1276 3202 unam
1299 3146 1490 3200 urbem
1513 3165 1628 3200 esse
1649 3146 1904 3218 damma]
1943 3145 2077 3200 Vide
2098 3177 2102 3180 ·

493 3234 695 3293 Graev.
737 3237 803 3291 ad
837 3234 897 3293 h.
924 3237 965 3294 l.
996 3237 1061 3290 de
1090 3238 1250 3306 Legg.
1276 3236 1325 3289 I.
1359 3233 1446 3289 25
1481 3234 1681 3286 »civem
1705 3247 1866 3287 totius
1879 3245 2094 3287 mun··'

483 3321 548 3374 di
569 3360 586 3392 ,
637 3324 789 3395 quasi
843 3324 1001 3378 unius
1044 3324 1234 3379 urbis
1285 3321 1580 3392 agno-verit.
1584 3322 1621 3352 ''
1669 3321 1735 3374 de
1799 3320 1923 3380 Fiu.
1964 3318 2070 3375 ΠΙ.

1977 3425 2066 3478 19.
