2392 4062
564 289 642 335 ιο
883 269 985 332 Μ.
1029 267 1332 330 TULLII
1370 265 1823 334 CICERONIS

564 438 729 479 suam
764 418 1148 491 sententiam,
1192 417 1420 491 forum,-
1462 416 1738 494 domum,
1768 442 2012 495 vocem,
2045 422 2140 482 si·-

565 498 850 559 lentium:
903 497 1040 580 quis·
1077 495 1236 556 hunc
1278 516 1399 556 non
1447 514 1618 578 putet
1677 501 1978 575 confiteri,
2022 503 2148 565 sibi·

566 578 831 661 quaesito
883 598 1031 660 opus
1071 580 1227 637 esse?
1284 577 1381 636 cui
1433 592 1630 638 autem
1683 581 1947 662 quaesito
1987 603 2144 664 opus

564 661 673 732 sit,
756 656 886 739 quis
954 678 1234 739 umquam
1299 657 1458 719 hunc
1523 681 1659 719 vere
1704 661 1914 724 dixerit
1967 663 2134 724 divi-

563 741 719 798 tem?
775 752 862 797 est
920 738 1078 797 enim
1132 737 1475 798 divitiarum
1514 738 1752 801 *fructus
1803 741 1865 800 in
1926 744 2137 826 copia:

561 816 795 897 copiam
847 832 1047 876 autem
1119 816 1379 878 declarat
1443 818 1676 879 satietas
1743 841 1975 897 rerum,
2029 840 2134 885 at-

563 919 676 979 que
734 897 1126 957 abundantia:
1184 921 1361 981 quam
1409 914 1476 958 tvu
1516 899 1795 982 quoniam
1829 923 2134 985 mmquam

563 998 906 1060 assequere,
956 1000 1261 1060 nunquam
1326 980 1570 1039 omnino
1627 1001 1687 1039 es
1730 982 1961 1047 futurus
2029 985 2134 1044 di·-

559 1079 681 1118 ves.
777 1058 986 1120 Meam
1039 1075 1237 1119 autem
1288 1061 1570 1142 quoniam
1623 1061 1933 1142 pecuniam
1986 1084 2150 1124 con-..

564 1138 810 1214 temnis,
858 1156 918 1199 et
954 1155 1112 1201 recte
1163 1142 1282 1217 (est
1323 1142 1481 1200 enim
1533 1140 1610 1200 ad
1667 1141 1835 1222 vulgi·
1885 1143 2132 1224 opinio-

561 1240 702 1278 nem·
739 1219 1085 1293 mediocris3
1143 1220 1220 1282 ad
1276 1237 1472 1296 tuam,
1521 1221 1722 1294 nulla3
1775 1222 1851 1282 ad
1906 1245 2094 1284 meam
2112 1262 2142 1299 ,-

562 1301 856 1378 modica-3)
900 1302 973 1363 de
1018 1325 1112 1362 me
1146 1302 1364 1363 silebo:
1407 1303 1480 1362 de
1520 1323 1583 1363 re
1610 1304 1840 1386 loquar.
1896 1302 1958 1364 Si
1981 1326 2150 1366 een—-

557 1379 740 1442 Senda
776 1382 948 1443 nobis
988 1399 1164 1466 atque
1206 1383 1564 1444 aestimanda
1619 1405 1714 1444 res·
1763 1383 1884 1460 sit,
1928 1402 2134 1447 utrum

558 1461 798 1522 tandem
836 1463 1022 1544 pluris
1080 1464 1449 1524 aestimemus
1507 1467 1817 1546 pecuniam
1871 1465 1922 1526 P
1965 1468 2087 1527 rrhi
2111 1512 2131 1542 ,

556 1561 735 1622 quam
779 1543 1051 1604 Fabricio
1091 1543 1311 1622 dabat,
1347 1567 1422 1604 an
1459 1545 1883 1606 continentiam
1962 1547 2133 1608 abri-

552 1622 661 1697 cii,
706 1625 1335 1708 quiillampeeuniam
1360 1625 1745 1708 repudiabat?
1786 1643 1986 1687 utrum
2011 1650 2130 1688 au-

557 1722 693 1763 rum
738 1705 1103 1781 Samnitum,
1149 1729 1223 1765 an
1255 1727 1604 1789 responsum·
1637 1705 1732 1765 Μ’
1759 1705 1963 1766 Curii?
2009 1708 2129 1790 hess·

555 1785 866 1847 reditatem
906 1786 981 1846 L.
1009 1787 1240 1864 Paulli,
1280 1808 1356 1847 an
1381 1787 1793 1847 liberalitatem
1823 1786 2092 1848 Africa-ni
2110 1830 2130 1862 ,

559 1866 662 1943 qui
709 1872 834 1946 ejus
874 1867 1216 1929 hereditatis
1256 1868 1333 1952 Q.
1381 1868 1654 1930 Maximo
1694 1867 1861 1927 fratri
1901 1884 2154 1949 partem-

557 1963 724 2006 suam
783 1949 1105 2009 concessit?
1218 1951 1378 2010 Haec
1430 1948 1695 2030 profecto
1711 1991 1736 2022 ,·
1786 1970 1934 2030 quae
1991 1963 2132 2009 su-nt

558 2045 920 2087 summarum
949 2029 1270 2103 virtu-tum,
1321 2030 1511 2112 phiris
1551 2027 1912 2089 aestimanda
1961 2044 2130 2103 sunt,

561 2127 742 2187 quam·
780 2108 918 2182 illa,
975 2131 1123 2191 quae
1163 2127 1302 2171 sunt
1340 2109 1643 2193 pecuniae.
1805 2112 1893 2172 uis
1951 2109 2131 2190 igitur

560 2188 638 2263 (si
692 2190 971 2271 quidem,
1028 2205 1100 2249 ut-
1160 2191 1440 2272 quisque,
1506 2189 1668 2271 quod
1721 2188 1964 2269 purimi
2017 2189 2129 2260 sit,

557 2270 855 2348 possideat
883 2311 912 2341 ‚-
1005 2268 1090 2327 ita
1168 2269 1488 2356 ditissimus
1603 2269 1901 2348 habendus
1994 2270 2130 2345 sit)

560 2349 823 2423 dubitet,
880 2347 1026 2429 quin
1068 2346 1132 2407 in
1191 2349 1408 2410 virtute
1443 2348 1707 2409 'divitiae
1757 2349 1918 2409 sint?
1969 2371 2160 2442 quo-r

558 2428 717 2487 niam
797 2429 967 2493 nulla
1036 2429 1322 2509 possessio
1352 2472 1370 2503 ,
1457 2429 1623 2505 nulla
1705 2429 1795 2496 vis
1868 2452 1999 2490 auri·
2070 2446 2130 2490 et

557 2510 833 2590 argenti,
911 2509 1132 2593 pluriS,
1212 2531 1390 2591 quam
1454 2508 1638 2570 virtus
1659 2554 1677 2585 ,
1764 2509 2124 2571 aestimanda

556 2607 662 2649 est.
2057 2636 2061 2638 -

642 2670 760 2732 III.
803 2671 860 2732 Ο
889 2670 995 2733 Dii
1039 2670 1433 2733 immortales!
1475 2691 1595 2731 non
1628 2671 1970 2751 intelligunt
2006 2671 2130 2731 ho·-

558 2750 748 2813 vmines
769 2799 787 2830 ,
835 2776 1012 2836 quam
1056 2775 1335 2834 magnum
1365 2753 1618 2836 vectigal
1647 2752 1724 2811 sit
1751 2751 2124 2834 parsimonia.
2157 2781 2164 2787 ⁴

500 2880 503 2882 -
563 2829 765 2894 Venio
805 2835 962 2894 enim
994 2836 1114 2916 jam
1149 2834 1225 2895 ad
1253 2850 1617 2894 sumtuosos:
1652 2832 1922 2914 relinquo
1949 2831 2130 2892 istum

564 2920 1004 2994 quaestuosum.'
1108 2913 1284 2997 Capit
1352 2915 1455 2974 ille
1534 2934 1609 2974 ex
1687 2912 1806 2974 suis
1873 2910 2129 2994 praediis

563 3013 832 3057 sexcenta
883 2996 1145 3057 sestertia
1159 3021 1179 3067 3
1236 3016 1344 3074 ego
1394 3009 1639 3056 centena
1689 3014 1760 3053 ex
1804 2993 1997 3053 meis:
2050 2994 2132 3053 il·-

565 3073 610 3132 li
662 3096 866 3139 aurata
911 3093 1064 3137 tecta
1131 3077 1194 3137 in
1238 3075 1432 3149 villis,
1507 3091 1565 3135 et
1621 3073 1747 3135 sola
1793 3093 2164 3144 marmorea,-

560 3157 837 3234 facienti,
897 3175 955 3218 et
997 3157 1196 3242 signa,
1250 3157 1512 3230 tabulaS,
1563 3153 2027 3236 supellectilem,
2070 3173 2128 3218 et

561 3256 781 3299 vestem
810 3238 1039 3300 infinite
1078 3237 1546 3319 concupiscenti,
1589 3257 1711 3295 non
1745 3235 1924 3294 modo
1969 3235 2130 3299 fruc-

564 3337 656 3383 tus
703 3321 805 3380 ille
850 3319 925 3380 ad
969 3335 1240 3393 sumtus,
1272 3316 1377 3378 sed
1414 3316 1588 3378 etiam
1621 3315 1697 3376 ad
1726 3316 1962 3388 seeum,
2002 3314 2130 3374 exi-

1914 3414 2080 3475 guus.
2106 3407 2123 3432 ¹
