<?xml version="1.0" encoding="UTF-8"?>
<!DOCTYPE html PUBLIC "-//W3C//DTD XHTML 1.0 Transitional//EN"
    "http://www.w3.org/TR/xhtml1/DTD/xhtml1-transitional.dtd">
<html xmlns="http://www.w3.org/1999/xhtml" xml:lang="en" lang="en">
 <head>
  <title>
</title>
<meta http-equiv="Content-Type" content="text/html;charset=utf-8" />
  <meta name='ocr-system' content='tesseract 3.04.00' />
  <meta name='ocr-capabilities' content='ocr_page ocr_carea ocr_par ocr_line ocrx_word'/>
</head>
<body>
  <div class='ocr_page' id='page_1' title='image "./paradoxaparadoxa00ciceuoft_0025.png"; bbox 0 0 2436 4062; ppageno 0'>
   <div class='ocr_carea' id='block_1_1' title="bbox 797 169 1884 283">
    <p class='ocr_par' dir='ltr' id='par_1_1' title="bbox 797 169 1884 283">
     <span class='ocr_line' id='line_1_1' title="bbox 797 169 1884 283; baseline -0.003 -2"><span class='ocrx_word' id='word_1_1' title='bbox 797 219 1320 283; x_wconf 79' lang='lat' dir='ltr'>PARADOXA.</span> <span class='ocrx_word' id='word_1_2' title='bbox 1341 169 1345 174; x_wconf 95' lang='lat'>·</span> <span class='ocrx_word' id='word_1_3' title='bbox 1821 239 1844 278; x_wconf 93' lang='lat'>1</span> <span class='ocrx_word' id='word_1_4' title='bbox 1860 239 1884 279; x_wconf 89' lang='lat'>1</span> 
     </span>
    </p>
   </div>
   <div class='ocr_carea' id='block_1_2' title="bbox 316 367 1969 1105">
    <p class='ocr_par' dir='ltr' id='par_1_2' title="bbox 316 367 1909 1019">
     <span class='ocr_line' id='line_1_2' title="bbox 323 367 1896 456; baseline -0.004 -22"><span class='ocrx_word' id='word_1_5' title='bbox 323 371 486 434; x_wconf 90' lang='lat' dir='ltr'>omni</span> <span class='ocrx_word' id='word_1_6' title='bbox 514 387 679 456; x_wconf 85' lang='lat' dir='ltr'>gestu</span> <span class='ocrx_word' id='word_1_7' title='bbox 709 370 1103 445; x_wconf 77' lang='lat' dir='ltr'><strong>moderatior,</strong></span> <span class='ocrx_word' id='word_1_8' title='bbox 1157 370 1319 431; x_wconf 87' lang='lat' dir='ltr'>omni</span> <span class='ocrx_word' id='word_1_9' title='bbox 1348 389 1519 430; x_wconf 88' lang='lat' dir='ltr'>versu</span> <span class='ocrx_word' id='word_1_10' title='bbox 1547 367 1741 451; x_wconf 85' lang='lat' dir='ltr'>aptior</span> <span class='ocrx_word' id='word_1_11' title='bbox 1775 388 1896 428; x_wconf 89' lang='lat' dir='ltr'>esse</span> 
     </span>
     <span class='ocr_line' id='line_1_3' title="bbox 318 449 1894 535; baseline -0.004 -20"><span class='ocrx_word' id='word_1_12' title='bbox 318 453 528 528; x_wconf 86' lang='lat' dir='ltr'>debet,</span> <span class='ocrx_word' id='word_1_13' title='bbox 575 468 642 511; x_wconf 91' lang='lat' dir='ltr'>ut</span> <span class='ocrx_word' id='word_1_14' title='bbox 667 452 983 533; x_wconf 83' lang='lat' dir='ltr'>insyllaba</span> <span class='ocrx_word' id='word_1_15' title='bbox 1013 467 1070 512; x_wconf 86' lang='lat' dir='ltr'>te</span> <span class='ocrx_word' id='word_1_16' title='bbox 1099 473 1340 535; x_wconf 86' lang='lat' dir='ltr'>peccare</span> <span class='ocrx_word' id='word_1_17' title='bbox 1373 450 1566 510; x_wconf 89' lang='lat' dir='ltr'>dices?</span> <span class='ocrx_word' id='word_1_18' title='bbox 1647 449 1894 509; x_wconf 72' lang='lat' dir='ltr'>Poetam</span> 
     </span>
     <span class='ocr_line' id='line_1_4' title="bbox 317 530 1897 616; baseline -0.003 -22"><span class='ocrx_word' id='word_1_19' title='bbox 317 554 443 594; x_wconf 89' lang='lat' dir='ltr'>non</span> <span class='ocrx_word' id='word_1_20' title='bbox 492 532 671 594; x_wconf 86' lang='lat' dir='ltr'>audio</span> <span class='ocrx_word' id='word_1_21' title='bbox 720 531 786 591; x_wconf 88' lang='lat' dir='ltr'>in</span> <span class='ocrx_word' id='word_1_22' title='bbox 829 532 1027 616; x_wconf 85' lang='lat' dir='ltr'>nugis:</span> <span class='ocrx_word' id='word_1_23' title='bbox 1071 533 1133 593; x_wconf 92' lang='lat' dir='ltr'>in</span> <span class='ocrx_word' id='word_1_24' title='bbox 1177 532 1330 593; x_wconf 90' lang='lat' dir='ltr'>vitae</span> <span class='ocrx_word' id='word_1_25' title='bbox 1360 531 1636 592; x_wconf 88' lang='lat' dir='ltr'>societate</span> <span class='ocrx_word' id='word_1_26' title='bbox 1661 530 1897 590; x_wconf 82' lang='lat' dir='ltr'><strong>audiam</strong></span> 
     </span>
     <span class='ocr_line' id='line_1_5' title="bbox 316 611 1897 696; baseline -0.003 -20"><span class='ocrx_word' id='word_1_27' title='bbox 316 613 511 676; x_wconf 85' lang='lat' dir='ltr'>civem</span> <span class='ocrx_word' id='word_1_28' title='bbox 530 658 550 688; x_wconf 96' lang='lat'>,</span> <span class='ocrx_word' id='word_1_29' title='bbox 592 612 791 693; x_wconf 87' lang='lat' dir='ltr'>digitis</span> <span class='ocrx_word' id='word_1_30' title='bbox 820 629 1060 695; x_wconf 88' lang='lat' dir='ltr'>peccata</span> <span class='ocrx_word' id='word_1_31' title='bbox 1086 613 1492 674; x_wconf 79' lang='lat' dir='ltr'>dimetientem</span> <span class='ocrx_word' id='word_1_32' title='bbox 1517 616 1660 672; x_wconf 88' lang='lat' dir='ltr'>sua?</span> <span class='ocrx_word' id='word_1_33' title='bbox 1725 611 1897 696; x_wconf 80' lang='lat' dir='ltr'>Quae</span> 
     </span>
     <span class='ocr_line' id='line_1_6' title="bbox 320 693 1903 777; baseline -0.003 -21"><span class='ocrx_word' id='word_1_34' title='bbox 320 694 387 757; x_wconf 81' lang='lat' dir='ltr'>si·</span> <span class='ocrx_word' id='word_1_35' title='bbox 412 695 539 756; x_wconf 83' lang='lat' dir='ltr'>visa</span> <span class='ocrx_word' id='word_1_36' title='bbox 583 710 724 756; x_wconf 89' lang='lat' dir='ltr'>sunt</span> <span class='ocrx_word' id='word_1_37' title='bbox 761 694 1068 768; x_wconf 84' lang='lat' dir='ltr'>breviora,</span> <span class='ocrx_word' id='word_1_38' title='bbox 1128 693 1353 754; x_wconf 87' lang='lat' dir='ltr'>leviora</span> <span class='ocrx_word' id='word_1_39' title='bbox 1401 694 1503 777; x_wconf 88' lang='lat' dir='ltr'>qui</span> <span class='ocrx_word' id='word_1_40' title='bbox 1551 693 1779 775; x_wconf 86' lang='lat' dir='ltr'>possint</span> <span class='ocrx_word' id='word_1_41' title='bbox 1805 693 1903 754; x_wconf 86' lang='lat' dir='ltr'>vi-</span> 
     </span>
     <span class='ocr_line' id='line_1_7' title="bbox 320 773 1902 858; baseline -0.001 -21"><span class='ocrx_word' id='word_1_42' title='bbox 320 775 484 850; x_wconf 86' lang='lat' dir='ltr'>deri,</span> <span class='ocrx_word' id='word_1_43' title='bbox 537 797 704 850; x_wconf 87' lang='lat' dir='ltr'>cum,</span> <span class='ocrx_word' id='word_1_44' title='bbox 759 774 1052 858; x_wconf 86' lang='lat' dir='ltr'>quidquid</span> <span class='ocrx_word' id='word_1_45' title='bbox 1094 791 1404 858; x_wconf 89' lang='lat' dir='ltr'>peccatur,</span> <span class='ocrx_word' id='word_1_46' title='bbox 1457 773 1902 856; x_wconf 83' lang='lat' dir='ltr'>perturbatione</span> 
     </span>
     <span class='ocr_line' id='line_1_8' title="bbox 320 854 1909 940; baseline -0.003 -22"><span class='ocrx_word' id='word_1_47' title='bbox 320 855 600 940; x_wconf 81' lang='lat' dir='ltr'>peccetur</span> <span class='ocrx_word' id='word_1_48' title='bbox 626 857 873 917; x_wconf 84' lang='lat' dir='ltr'>rationis</span> <span class='ocrx_word' id='word_1_49' title='bbox 903 872 1079 939; x_wconf 85' lang='lat' dir='ltr'>atque</span> <span class='ocrx_word' id='word_1_50' title='bbox 1114 854 1381 916; x_wconf 84' lang='lat' dir='ltr'>ordinis?</span> <span class='ocrx_word' id='word_1_51' title='bbox 1425 856 1766 937; x_wconf 83' lang='lat' dir='ltr'>perturbata</span> <span class='ocrx_word' id='word_1_52' title='bbox 1798 878 1909 915; x_wconf 79' lang='lat' dir='ltr'>au-</span> 
     </span>
     <span class='ocr_line' id='line_1_9' title="bbox 323 934 1905 1019; baseline -0.001 -21"><span class='ocrx_word' id='word_1_53' title='bbox 323 954 447 998; x_wconf 83' lang='lat' dir='ltr'>tem</span> <span class='ocrx_word' id='word_1_54' title='bbox 481 937 663 997; x_wconf 84' lang='lat' dir='ltr'>semel</span> <span class='ocrx_word' id='word_1_55' title='bbox 703 937 932 998; x_wconf 87' lang='lat' dir='ltr'>ratione</span> <span class='ocrx_word' id='word_1_56' title='bbox 966 953 1026 997; x_wconf 85' lang='lat' dir='ltr'>et</span> <span class='ocrx_word' id='word_1_57' title='bbox 1054 937 1295 1011; x_wconf 86' lang='lat' dir='ltr'>ordine,</span> <span class='ocrx_word' id='word_1_58' title='bbox 1342 936 1492 997; x_wconf 87' lang='lat' dir='ltr'>nihil</span> <span class='ocrx_word' id='word_1_59' title='bbox 1520 934 1704 1019; x_wconf 88' lang='lat' dir='ltr'>possit</span> <span class='ocrx_word' id='word_1_60' title='bbox 1731 935 1905 1009; x_wconf 86' lang='lat' dir='ltr'>addi,</span> 
     </span>
    </p>

    <p class='ocr_par' dir='ltr' id='par_1_3' title="bbox 325 1017 1969 1105">
     <span class='ocr_line' id='line_1_10' title="bbox 325 1017 1969 1105; baseline -0.002 -25"><span class='ocrx_word' id='word_1_61' title='bbox 325 1038 447 1103; x_wconf 83' lang='lat' dir='ltr'>quo</span> <span class='ocrx_word' id='word_1_62' title='bbox 499 1018 683 1105; x_wconf 83' lang='lat' dir='ltr'>magis</span> <span class='ocrx_word' id='word_1_63' title='bbox 724 1017 959 1100; x_wconf 86' lang='lat' dir='ltr'>peccari</span> <span class='ocrx_word' id='word_1_64' title='bbox 997 1038 1167 1100; x_wconf 87' lang='lat' dir='ltr'>posse</span> <span class='ocrx_word' id='word_1_65' title='bbox 1209 1017 1502 1080; x_wconf 87' lang='lat' dir='ltr'>videatur.</span> <span class='ocrx_word' id='word_1_66' title='bbox 1550 1052 1573 1064; x_wconf 53' lang='grc' dir='ltr'><em>ο</em></span> <span class='ocrx_word' id='word_1_67' title='bbox 1959 1027 1969 1038; x_wconf 88' lang='grc'><strong><em>’</em></strong></span> 
     </span>
    </p>
   </div>
   <div class='ocr_carea' id='block_1_3' title="bbox 820 1168 1426 1227">
    <p class='ocr_par' dir='ltr' id='par_1_4' title="bbox 820 1168 1426 1227">
     <span class='ocr_line' id='line_1_11' title="bbox 820 1168 1426 1227; baseline 0.002 -2"><span class='ocrx_word' id='word_1_68' title='bbox 820 1168 1289 1227; x_wconf 79' lang='lat' dir='ltr'><strong>PARADOXON</strong></span> <span class='ocrx_word' id='word_1_69' title='bbox 1331 1171 1426 1226; x_wconf 89' lang='lat' dir='ltr'>IV.</span> 
     </span>
    </p>
   </div>
   <div class='ocr_carea' id='block_1_4' title="bbox 659 1305 1509 1376">
    <p class='ocr_par' dir='ltr' id='par_1_5' title="bbox 659 1305 1509 1376">
     <span class='ocr_line' id='line_1_12' title="bbox 659 1305 1509 1376; baseline 0 -15"><span class='ocrx_word' id='word_1_70' title='bbox 659 1313 661 1316; x_wconf 78' lang='grc'>’</span> <span class='ocrx_word' id='word_1_71' title='bbox 742 1305 866 1362; x_wconf 66' lang='lat' dir='ltr'>“Ort</span> <span class='ocrx_word' id='word_1_72' title='bbox 903 1311 1009 1370; x_wconf 70' lang='grc' dir='ltr'>πᾶς</span> <span class='ocrx_word' id='word_1_73' title='bbox 1045 1306 1217 1376; x_wconf 74' lang='grc' dir='ltr'><strong><em>ἄφρων</em></strong></span> <span class='ocrx_word' id='word_1_74' title='bbox 1249 1309 1509 1375; x_wconf 67' lang='grc' dir='ltr'><strong><em>μαίνεται.</em></strong></span> 
     </span>
    </p>
   </div>
   <div class='ocr_carea' id='block_1_5' title="bbox 720 1436 1517 1493">
    <p class='ocr_par' dir='ltr' id='par_1_6' title="bbox 720 1436 1517 1493">
     <span class='ocr_line' id='line_1_13' title="bbox 720 1436 1517 1493; baseline 0.003 -2"><span class='ocrx_word' id='word_1_75' title='bbox 720 1436 957 1493; x_wconf 83' lang='lat' dir='ltr'>Omnem</span> <span class='ocrx_word' id='word_1_76' title='bbox 1004 1438 1229 1493; x_wconf 85' lang='lat' dir='ltr'>stultum</span> <span class='ocrx_word' id='word_1_77' title='bbox 1264 1438 1517 1493; x_wconf 81' lang='lat' dir='ltr'>insanire.</span> 
     </span>
    </p>
   </div>
   <div class='ocr_carea' id='block_1_6' title="bbox 331 1572 1938 3424">
    <p class='ocr_par' dir='ltr' id='par_1_7' title="bbox 331 1572 1930 2850">
     <span class='ocr_line' id='line_1_14' title="bbox 400 1572 1915 1656; baseline 0.001 -26"><span class='ocrx_word' id='word_1_78' title='bbox 400 1572 463 1631; x_wconf 84' lang='grc' dir='ltr'>Ἰ.</span> <span class='ocrx_word' id='word_1_79' title='bbox 503 1572 633 1656; x_wconf 85' lang='lat' dir='ltr'>Ego</span> <span class='ocrx_word' id='word_1_80' title='bbox 675 1594 816 1635; x_wconf 89' lang='lat' dir='ltr'>vero</span> <span class='ocrx_word' id='word_1_81' title='bbox 855 1589 912 1634; x_wconf 87' lang='lat' dir='ltr'>te</span> <span class='ocrx_word' id='word_1_82' title='bbox 943 1594 1065 1634; x_wconf 90' lang='lat' dir='ltr'>non</span> <span class='ocrx_word' id='word_1_83' title='bbox 1107 1572 1355 1635; x_wconf 87' lang='lat' dir='ltr'>stultum</span> <span class='ocrx_word' id='word_1_84' title='bbox 1376 1595 1405 1649; x_wconf 46' lang='lat'>,‘</span> <span class='ocrx_word' id='word_1_85' title='bbox 1434 1590 1501 1633; x_wconf 90' lang='lat' dir='ltr'>ut</span> <span class='ocrx_word' id='word_1_86' title='bbox 1526 1594 1695 1656; x_wconf 85' lang='lat' dir='ltr'>saepe</span> <span class='ocrx_word' id='word_1_87' title='bbox 1715 1597 1735 1645; x_wconf 80' lang='lat'><em>3</em></span> <span class='ocrx_word' id='word_1_88' title='bbox 1793 1593 1915 1633; x_wconf 89' lang='lat' dir='ltr'>non</span> 
     </span>
     <span class='ocr_line' id='line_1_15' title="bbox 331 1651 1917 1737; baseline 0.001 -25"><span class='ocrx_word' id='word_1_89' title='bbox 331 1651 705 1733; x_wconf 89' lang='lat' dir='ltr'>improbum,</span> <span class='ocrx_word' id='word_1_90' title='bbox 750 1672 819 1716; x_wconf 90' lang='lat' dir='ltr'>ut</span> <span class='ocrx_word' id='word_1_91' title='bbox 860 1677 1127 1737; x_wconf 81' lang='lat' dir='ltr'>semper3</span> <span class='ocrx_word' id='word_1_92' title='bbox 1165 1655 1268 1715; x_wconf 91' lang='lat' dir='ltr'>sed</span> <span class='ocrx_word' id='word_1_93' title='bbox 1309 1656 1641 1719; x_wconf 88' lang='lat' dir='ltr'>dementem</span> <span class='ocrx_word' id='word_1_94' title='bbox 1669 1672 1728 1715; x_wconf 91' lang='lat' dir='ltr'>et</span> <span class='ocrx_word' id='word_1_95' title='bbox 1756 1654 1917 1714; x_wconf 88' lang='lat' dir='ltr'>insa-</span> 
     </span>
     <span class='ocr_line' id='line_1_16' title="bbox 331 1735 1918 1817; baseline 0.003 -26"><span class='ocrx_word' id='word_1_96' title='bbox 331 1754 478 1798; x_wconf 85' lang='lat' dir='ltr'>num</span> <span class='ocrx_word' id='word_1_97' title='bbox 502 1735 681 1797; x_wconf 84' lang='lat' dir='ltr'>rebus</span> <span class='ocrx_word' id='word_1_98' title='bbox 710 1736 950 1799; x_wconf 87' lang='lat' dir='ltr'>vincam</span> <span class='ocrx_word' id='word_1_99' title='bbox 975 1736 1334 1798; x_wconf 85' lang='lat' dir='ltr'>necessariis.</span> <span class='ocrx_word' id='word_1_100' title='bbox 1438 1735 1730 1817; x_wconf 90' lang='lat' dir='ltr'>Sapientis</span> <span class='ocrx_word' id='word_1_101' title='bbox 1785 1735 1918 1796; x_wconf 89' lang='lat' dir='ltr'>ani-</span> 
     </span>
     <span class='ocr_line' id='line_1_17' title="bbox 332 1817 1920 1898; baseline 0 -22"><span class='ocrx_word' id='word_1_102' title='bbox 332 1826 465 1898; x_wconf 84' lang='lat' dir='ltr'>mus</span> <span class='ocrx_word' id='word_1_103' title='bbox 492 1817 905 1898; x_wconf 79' lang='lat' dir='ltr'>magnitudine</span> <span class='ocrx_word' id='word_1_104' title='bbox 936 1817 1203 1894; x_wconf 90' lang='lat' dir='ltr'>consilii,</span> <span class='ocrx_word' id='word_1_105' title='bbox 1268 1818 1666 1880; x_wconf 87' lang='lat' dir='ltr'>contemtione</span> <span class='ocrx_word' id='word_1_106' title='bbox 1722 1840 1920 1877; x_wconf 86' lang='lat' dir='ltr'>rerum</span> 
     </span>
     <span class='ocr_line' id='line_1_18' title="bbox 334 1894 1925 1975; baseline 0.002 -21"><span class='ocrx_word' id='word_1_107' title='bbox 334 1894 763 1975; x_wconf 88' lang='lat' dir='ltr'>humanarum,</span> <span class='ocrx_word' id='word_1_108' title='bbox 843 1899 1161 1960; x_wconf 86' lang='lat' dir='ltr'>tolerantia</span> <span class='ocrx_word' id='word_1_109' title='bbox 1223 1899 1530 1970; x_wconf 82' lang='lat' dir='ltr'>fortunae,</span> <span class='ocrx_word' id='word_1_110' title='bbox 1600 1898 1925 1960; x_wconf 86' lang='lat' dir='ltr'>virtutibus</span> 
     </span>
     <span class='ocr_line' id='line_1_19' title="bbox 335 1975 1923 2062; baseline 0.003 -27"><span class='ocrx_word' id='word_1_111' title='bbox 335 1975 611 2059; x_wconf 39' lang='lat' dir='ltr'>denique*</span> <span class='ocrx_word' id='word_1_112' title='bbox 638 1980 945 2054; x_wconf 86' lang='lat' dir='ltr'>omnibus,</span> <span class='ocrx_word' id='word_1_113' title='bbox 983 1997 1054 2042; x_wconf 90' lang='lat' dir='ltr'>ut</span> <span class='ocrx_word' id='word_1_114' title='bbox 1094 1980 1401 2041; x_wconf 90' lang='lat' dir='ltr'>moenibus</span> <span class='ocrx_word' id='word_1_115' title='bbox 1438 1996 1670 2062; x_wconf 77' lang='lat' dir='ltr'>sethS,</span> <span class='ocrx_word' id='word_1_116' title='bbox 1709 1980 1923 2041; x_wconf 85' lang='lat' dir='ltr'>vince-</span> 
     </span>
     <span class='ocr_line' id='line_1_20' title="bbox 336 2060 1923 2145; baseline 0.003 -29"><span class='ocrx_word' id='word_1_117' title='bbox 336 2072 472 2130; x_wconf 88' lang='lat' dir='ltr'>tur,</span> <span class='ocrx_word' id='word_1_118' title='bbox 515 2074 576 2119; x_wconf 90' lang='lat' dir='ltr'>et</span> <span class='ocrx_word' id='word_1_119' title='bbox 614 2061 1081 2142; x_wconf 84' lang='lat' dir='ltr'>expugnabitur,</span> <span class='ocrx_word' id='word_1_120' title='bbox 1137 2060 1241 2145; x_wconf 86' lang='lat' dir='ltr'>qui</span> <span class='ocrx_word' id='word_1_121' title='bbox 1285 2083 1358 2121; x_wconf 93' lang='lat' dir='ltr'>ne</span> <span class='ocrx_word' id='word_1_122' title='bbox 1401 2061 1638 2123; x_wconf 90' lang='lat' dir='ltr'>civitate</span> <span class='ocrx_word' id='word_1_123' title='bbox 1681 2061 1923 2144; x_wconf 87' lang='lat' dir='ltr'>quidem</span> 
     </span>
     <span class='ocr_line' id='line_1_21' title="bbox 335 2138 1921 2225; baseline 0.003 -27"><span class='ocrx_word' id='word_1_124' title='bbox 335 2138 485 2219; x_wconf 86' lang='lat' dir='ltr'>pelli</span> <span class='ocrx_word' id='word_1_125' title='bbox 526 2145 762 2221; x_wconf 84' lang='lat' dir='ltr'>potest?</span> <span class='ocrx_word' id='word_1_126' title='bbox 818 2141 987 2225; x_wconf 83' lang='lat' dir='ltr'>Quae</span> <span class='ocrx_word' id='word_1_127' title='bbox 1020 2158 1108 2203; x_wconf 83' lang='lat' dir='ltr'>est</span> <span class='ocrx_word' id='word_1_128' title='bbox 1135 2142 1293 2202; x_wconf 88' lang='lat' dir='ltr'>enim</span> <span class='ocrx_word' id='word_1_129' title='bbox 1338 2141 1583 2203; x_wconf 85' lang='lat' dir='ltr'>civitas?</span> <span class='ocrx_word' id='word_1_130' title='bbox 1663 2143 1921 2202; x_wconf 85' lang='lat' dir='ltr'>Omnis-</span> 
     </span>
     <span class='ocr_line' id='line_1_22' title="bbox 336 2222 1921 2287; baseline 0.002 -9"><span class='ocrx_word' id='word_1_131' title='bbox 336 2240 413 2280; x_wconf 83' lang='lat' dir='ltr'>ne</span> <span class='ocrx_word' id='word_1_132' title='bbox 467 2238 799 2283; x_wconf 85' lang='lat' dir='ltr'>conventus</span> <span class='ocrx_word' id='word_1_133' title='bbox 872 2222 1053 2284; x_wconf 85' lang='lat' dir='ltr'>etiam</span> <span class='ocrx_word' id='word_1_134' title='bbox 1110 2222 1373 2287; x_wconf 79' lang='lat' dir='ltr'>ferorum</span> <span class='ocrx_word' id='word_1_135' title='bbox 1427 2240 1487 2283; x_wconf 90' lang='lat' dir='ltr'>et</span> <span class='ocrx_word' id='word_1_136' title='bbox 1533 2223 1921 2287; x_wconf 88' lang='lat' dir='ltr'>immanium?</span> 
     </span>
     <span class='ocr_line' id='line_1_23' title="bbox 338 2299 1930 2381; baseline 0.003 -21"><span class='ocrx_word' id='word_1_137' title='bbox 338 2299 629 2367; x_wconf 88' lang='lat' dir='ltr'>Omnisne</span> <span class='ocrx_word' id='word_1_138' title='bbox 669 2302 850 2365; x_wconf 86' lang='lat' dir='ltr'>etiam</span> <span class='ocrx_word' id='word_1_139' title='bbox 888 2304 950 2364; x_wconf 88' lang='lat' dir='ltr'>fu</span> <span class='ocrx_word' id='word_1_140' title='bbox 995 2304 1278 2364; x_wconf 88' lang='lat' dir='ltr'>itivorum</span> <span class='ocrx_word' id='word_1_141' title='bbox 1312 2327 1381 2366; x_wconf 88' lang='lat' dir='ltr'>ac</span> <span class='ocrx_word' id='word_1_142' title='bbox 1404 2304 1739 2381; x_wconf 85' lang='lat' dir='ltr'>latronum,</span> <span class='ocrx_word' id='word_1_143' title='bbox 1782 2326 1930 2366; x_wconf 87' lang='lat' dir='ltr'>con·-</span> 
     </span>
     <span class='ocr_line' id='line_1_24' title="bbox 337 2383 1925 2466; baseline 0.003 -26"><span class='ocrx_word' id='word_1_144' title='bbox 337 2398 580 2466; x_wconf 85' lang='lat' dir='ltr'>gregata</span> <span class='ocrx_word' id='word_1_145' title='bbox 625 2405 814 2445; x_wconf 89' lang='lat' dir='ltr'>unum</span> <span class='ocrx_word' id='word_1_146' title='bbox 861 2383 924 2445; x_wconf 89' lang='lat' dir='ltr'>in</span> <span class='ocrx_word' id='word_1_147' title='bbox 989 2406 1165 2446; x_wconf 92' lang='lat' dir='ltr'>ocum</span> <span class='ocrx_word' id='word_1_148' title='bbox 1203 2385 1566 2446; x_wconf 85' lang='lat' dir='ltr'>multitudo?</span> <span class='ocrx_word' id='word_1_149' title='bbox 1615 2403 1771 2448; x_wconf 89' lang='lat' dir='ltr'>certe</span> <span class='ocrx_word' id='word_1_150' title='bbox 1814 2408 1925 2447; x_wconf 89' lang='lat' dir='ltr'>ne·-</span> 
     </span>
     <span class='ocr_line' id='line_1_25' title="bbox 342 2463 1925 2543; baseline -0.001 -16"><span class='ocrx_word' id='word_1_151' title='bbox 342 2464 532 2542; x_wconf 84' lang='lat' dir='ltr'>gabis.</span> <span class='ocrx_word' id='word_1_152' title='bbox 613 2463 757 2526; x_wconf 90' lang='lat' dir='ltr'>Non</span> <span class='ocrx_word' id='word_1_153' title='bbox 799 2464 818 2525; x_wconf 92' lang='lat' dir='ltr'>i</span> <span class='ocrx_word' id='word_1_154' title='bbox 861 2465 983 2527; x_wconf 88' lang='lat' dir='ltr'>itur</span> <span class='ocrx_word' id='word_1_155' title='bbox 1019 2483 1144 2526; x_wconf 89' lang='lat' dir='ltr'>erat</span> <span class='ocrx_word' id='word_1_156' title='bbox 1183 2466 1291 2528; x_wconf 88' lang='lat' dir='ltr'>illa</span> <span class='ocrx_word' id='word_1_157' title='bbox 1333 2484 1461 2528; x_wconf 90' lang='lat' dir='ltr'>tum</span> <span class='ocrx_word' id='word_1_158' title='bbox 1505 2467 1743 2543; x_wconf 83' lang='lat' dir='ltr'>civitas,</span> <span class='ocrx_word' id='word_1_159' title='bbox 1789 2489 1925 2529; x_wconf 91' lang='lat' dir='ltr'>cum</span> 
     </span>
     <span class='ocr_line' id='line_1_26' title="bbox 340 2489 1929 2629; baseline 0.003 -27"><span class='ocrx_word' id='word_1_160' title='bbox 340 2543 500 2624; x_wconf 91' lang='lat' dir='ltr'>leges</span> <span class='ocrx_word' id='word_1_161' title='bbox 543 2542 608 2605; x_wconf 90' lang='lat' dir='ltr'>in</span> <span class='ocrx_word' id='word_1_162' title='bbox 650 2567 719 2606; x_wconf 84' lang='lat' dir='ltr'>ea</span> <span class='ocrx_word' id='word_1_163' title='bbox 769 2489 922 2607; x_wconf 50' lang='lat' dir='ltr'>niffiil</span> <span class='ocrx_word' id='word_1_164' title='bbox 959 2547 1272 2621; x_wconf 81' lang='lat' dir='ltr'>valebant3</span> <span class='ocrx_word' id='word_1_165' title='bbox 1329 2570 1464 2609; x_wconf 90' lang='lat' dir='ltr'>cum</span> <span class='ocrx_word' id='word_1_166' title='bbox 1508 2548 1731 2629; x_wconf 83' lang='lat' dir='ltr'>judicia</span> <span class='ocrx_word' id='word_1_167' title='bbox 1769 2555 1929 2629; x_wconf 70' lang='lat' dir='ltr'>jace-</span> 
     </span>
     <span class='ocr_line' id='line_1_27' title="bbox 340 2625 1928 2709; baseline 0.001 -23"><span class='ocrx_word' id='word_1_168' title='bbox 340 2625 523 2696; x_wconf 79' lang='lat' dir='ltr'>bant3</span> <span class='ocrx_word' id='word_1_169' title='bbox 574 2646 710 2688; x_wconf 90' lang='lat' dir='ltr'>cum</span> <span class='ocrx_word' id='word_1_170' title='bbox 748 2649 876 2689; x_wconf 89' lang='lat' dir='ltr'>mos</span> <span class='ocrx_word' id='word_1_171' title='bbox 915 2628 1140 2709; x_wconf 89' lang='lat' dir='ltr'>patrius</span> <span class='ocrx_word' id='word_1_172' title='bbox 1197 2628 1492 2693; x_wconf 87' lang='lat' dir='ltr'>occiderat</span> <span class='ocrx_word' id='word_1_173' title='bbox 1504 2653 1525 2701; x_wconf 69' lang='grc' dir='ltr'>ς,</span> <span class='ocrx_word' id='word_1_174' title='bbox 1579 2652 1714 2691; x_wconf 90' lang='lat' dir='ltr'>cum</span> <span class='ocrx_word' id='word_1_175' title='bbox 1770 2631 1928 2689; x_wconf 87' lang='lat' dir='ltr'>ferro</span> 
     </span>
     <span class='ocr_line' id='line_1_28' title="bbox 341 2707 1930 2850; baseline 0.003 -84"><span class='ocrx_word' id='word_1_176' title='bbox 341 2707 528 2850; x_wconf 63' lang='lat' dir='ltr'>pulsis</span> <span class='ocrx_word' id='word_1_177' title='bbox 570 2708 1041 2793; x_wconf 82' lang='lat' dir='ltr'>magistratibus,</span> <span class='ocrx_word' id='word_1_178' title='bbox 1099 2727 1334 2772; x_wconf 87' lang='lat' dir='ltr'>senatus</span> <span class='ocrx_word' id='word_1_179' title='bbox 1387 2732 1605 2772; x_wconf 91' lang='lat' dir='ltr'>nomen</span> <span class='ocrx_word' id='word_1_180' title='bbox 1648 2713 1710 2772; x_wconf 89' lang='lat' dir='ltr'>in</span> <span class='ocrx_word' id='word_1_181' title='bbox 1747 2733 1930 2793; x_wconf 90' lang='lat' dir='ltr'>repu-</span> 
     </span>
    </p>

    <p class='ocr_par' dir='ltr' id='par_1_8' title="bbox 344 2788 1938 3365">
     <span class='ocr_line' id='line_1_29' title="bbox 385 2788 1927 2866; baseline 0.003 -18"><span class='ocrx_word' id='word_1_182' title='bbox 385 2788 502 2850; x_wconf 90' lang='lat' dir='ltr'>lica</span> <span class='ocrx_word' id='word_1_183' title='bbox 556 2796 679 2851; x_wconf 81' lang='lat' dir='ltr'>&#39;non</span> <span class='ocrx_word' id='word_1_184' title='bbox 730 2806 875 2851; x_wconf 87' lang='lat' dir='ltr'>erat.</span> <span class='ocrx_word' id='word_1_185' title='bbox 987 2791 1365 2852; x_wconf 89' lang='lat' dir='ltr'>Praedonum</span> <span class='ocrx_word' id='word_1_186' title='bbox 1417 2792 1520 2853; x_wconf 92' lang='lat' dir='ltr'>ille</span> <span class='ocrx_word' id='word_1_187' title='bbox 1578 2813 1927 2866; x_wconf 81' lang='lat' dir='ltr'>concursu5‚</span> 
     </span>
     <span class='ocr_line' id='line_1_30' title="bbox 344 2870 1924 2945; baseline 0 -14"><span class='ocrx_word' id='word_1_188' title='bbox 344 2886 407 2932; x_wconf 89' lang='lat' dir='ltr'>et</span> <span class='ocrx_word' id='word_1_189' title='bbox 439 2886 497 2931; x_wconf 89' lang='lat' dir='ltr'>te</span> <span class='ocrx_word' id='word_1_190' title='bbox 547 2870 699 2933; x_wconf 89' lang='lat' dir='ltr'>duce</span> <span class='ocrx_word' id='word_1_191' title='bbox 753 2872 1135 2933; x_wconf 85' lang='lat' dir='ltr'>latrocinium</span> <span class='ocrx_word' id='word_1_192' title='bbox 1196 2871 1261 2932; x_wconf 92' lang='lat' dir='ltr'>in</span> <span class='ocrx_word' id='word_1_193' title='bbox 1314 2874 1446 2935; x_wconf 86' lang='lat' dir='ltr'>foro</span> <span class='ocrx_word' id='word_1_194' title='bbox 1500 2875 1924 2945; x_wconf 89' lang='lat' dir='ltr'>constitutum,</span> 
     </span>
     <span class='ocr_line' id='line_1_31' title="bbox 346 2949 1927 3035; baseline 0 -23"><span class='ocrx_word' id='word_1_195' title='bbox 346 2966 409 3012; x_wconf 85' lang='lat' dir='ltr'>et</span> <span class='ocrx_word' id='word_1_196' title='bbox 449 2949 734 3035; x_wconf 87' lang='lat' dir='ltr'>reliquiae</span> <span class='ocrx_word' id='word_1_197' title='bbox 768 2953 1199 3035; x_wconf 87' lang='lat' dir='ltr'>conjurationis</span> <span class='ocrx_word' id='word_1_198' title='bbox 1243 2977 1278 3015; x_wconf 87' lang='lat' dir='ltr'>a</span> <span class='ocrx_word' id='word_1_199' title='bbox 1323 2953 1614 3016; x_wconf 89' lang='lat' dir='ltr'>Catilinae</span> <span class='ocrx_word' id='word_1_200' title='bbox 1656 2954 1822 3016; x_wconf 81' lang='lat' dir='ltr'>furiis</span> <span class='ocrx_word' id='word_1_201' title='bbox 1850 2954 1927 3013; x_wconf 86' lang='lat' dir='ltr'>ad</span> 
     </span>
     <span class='ocr_line' id='line_1_32' title="bbox 350 3033 1926 3118; baseline 0.001 -25"><span class='ocrx_word' id='word_1_202' title='bbox 350 3047 521 3093; x_wconf 86' lang='lat' dir='ltr'>tuum</span> <span class='ocrx_word' id='word_1_203' title='bbox 562 3033 784 3109; x_wconf 86' lang='lat' dir='ltr'>scelus,</span> <span class='ocrx_word' id='word_1_204' title='bbox 838 3036 1217 3118; x_wconf 87' lang='lat' dir='ltr'>furoremque</span> <span class='ocrx_word' id='word_1_205' title='bbox 1246 3056 1606 3110; x_wconf 56' lang='lat' dir='ltr'>conversae,</span> <span class='ocrx_word' id='word_1_206' title='bbox 1667 3057 1790 3096; x_wconf 91' lang='lat' dir='ltr'>non</span> <span class='ocrx_word' id='word_1_207' title='bbox 1831 3038 1926 3094; x_wconf 91' lang='lat' dir='ltr'>ci-</span> 
     </span>
     <span class='ocr_line' id='line_1_33' title="bbox 346 3112 1927 3199; baseline 0 -24"><span class='ocrx_word' id='word_1_208' title='bbox 346 3112 499 3175; x_wconf 81' lang='lat' dir='ltr'>vitas</span> <span class='ocrx_word' id='word_1_209' title='bbox 540 3131 684 3181; x_wconf 81' lang='lat' dir='ltr'>erat.</span> <span class='ocrx_word' id='word_1_210' title='bbox 736 3115 949 3199; x_wconf 81' lang='lat' dir='ltr'>Itaque</span> <span class='ocrx_word' id='word_1_211' title='bbox 981 3118 1185 3199; x_wconf 90' lang='lat' dir='ltr'>pulsus</span> <span class='ocrx_word' id='word_1_212' title='bbox 1212 3138 1319 3198; x_wconf 88' lang='lat' dir='ltr'>ego</span> <span class='ocrx_word' id='word_1_213' title='bbox 1346 3117 1584 3185; x_wconf 87' lang='lat' dir='ltr'>civitate</span> <span class='ocrx_word' id='word_1_214' title='bbox 1612 3139 1731 3177; x_wconf 87' lang='lat' dir='ltr'>nou</span> <span class='ocrx_word' id='word_1_215' title='bbox 1760 3139 1889 3178; x_wconf 88' lang='lat' dir='ltr'>sum</span> <span class='ocrx_word' id='word_1_216' title='bbox 1909 3159 1927 3189; x_wconf 85' lang='lat'>‚</span> 
     </span>
     <span class='ocr_line' id='line_1_34' title="bbox 349 3196 1938 3277; baseline 0.001 -23"><span class='ocrx_word' id='word_1_217' title='bbox 349 3215 501 3277; x_wconf 81' lang='lat' dir='ltr'>quae</span> <span class='ocrx_word' id='word_1_218' title='bbox 543 3196 708 3256; x_wconf 90' lang='lat' dir='ltr'>nulla</span> <span class='ocrx_word' id='word_1_219' title='bbox 748 3215 871 3258; x_wconf 87' lang='lat' dir='ltr'>erat</span> <span class='ocrx_word' id='word_1_220' title='bbox 886 3222 906 3269; x_wconf 76' lang='lat'>3</span> <span class='ocrx_word' id='word_1_221' title='bbox 964 3197 1269 3258; x_wconf 84' lang='lat' dir='ltr'>arcessitus</span> <span class='ocrx_word' id='word_1_222' title='bbox 1316 3198 1376 3257; x_wconf 89' lang='lat' dir='ltr'>in</span> <span class='ocrx_word' id='word_1_223' title='bbox 1430 3198 1729 3259; x_wconf 84' lang='lat' dir='ltr'>civitatem</span> <span class='ocrx_word' id='word_1_224' title='bbox 1766 3221 1938 3271; x_wconf 75' lang='lat' dir='ltr'>sum,</span> 
     </span>
     <span class='ocr_line' id='line_1_35' title="bbox 350 3276 1937 3365; baseline 0 -28"><span class='ocrx_word' id='word_1_225' title='bbox 350 3297 487 3339; x_wconf 86' lang='lat' dir='ltr'>cttm</span> <span class='ocrx_word' id='word_1_226' title='bbox 529 3294 677 3342; x_wconf 84' lang='lat' dir='ltr'>esset</span> <span class='ocrx_word' id='word_1_227' title='bbox 716 3276 779 3339; x_wconf 84' lang='lat' dir='ltr'>in</span> <span class='ocrx_word' id='word_1_228' title='bbox 820 3279 1127 3363; x_wconf 82' lang='lat' dir='ltr'>republica</span> <span class='ocrx_word' id='word_1_229' title='bbox 1177 3281 1410 3357; x_wconf 82' lang='lat' dir='ltr'>consul,</span> <span class='ocrx_word' id='word_1_230' title='bbox 1469 3279 1571 3365; x_wconf 85' lang='lat' dir='ltr'>qui</span> <span class='ocrx_word' id='word_1_231' title='bbox 1628 3296 1752 3341; x_wconf 89' lang='lat' dir='ltr'>tum</span> <span class='ocrx_word' id='word_1_232' title='bbox 1795 3280 1937 3339; x_wconf 85' lang='lat' dir='ltr'>nul-</span> 
     </span>
    </p>

    <p class='ocr_par' dir='ltr' id='par_1_9' title="bbox 1845 3362 1936 3424">
     <span class='ocr_line' id='line_1_36' title="bbox 1845 3362 1936 3424; baseline 0.055 -5"><span class='ocrx_word' id='word_1_233' title='bbox 1845 3362 1936 3424; x_wconf 85' lang='lat' dir='ltr'>luS</span> 
     </span>
    </p>
   </div>
  </div>
 </body>
</html>
