2392 4062
702 289 705 291 .
787 270 790 272 ·
827 237 1358 302 PARADOXA.
1842 241 1917 300 13

346 393 540 467 rabiS‚
581 413 691 454 nec
732 390 877 474 quid
908 392 1190 474 loquare?
1235 389 1453 461 neseis,
1489 385 1757 448 exsilium
1784 406 1922 449 see-

345 475 538 535 lerum
575 496 698 535 esse
735 478 1028 554 poenam?
1070 494 1264 533 meum
1311 469 1465 531 illud
1503 469 1616 530 iter
1645 469 1723 528 ob
1748 491 1924 552 prae-

344 555 690 618 clarissimas
743 575 834 615 res
892 578 926 616 a
978 576 1072 614 me
1126 568 1315 638 gestas
1372 572 1494 614 esse
1547 558 1919 634 susceptum?

343 634 568 698 Omnes
607 636 910 708 scelerati,
952 651 1128 717 atque
1178 634 1383 716 impii,
1445 652 1698 716 quorum
1741 647 1807 693 tu
1859 649 1917 696 te

342 712 553 779 ducem
602 739 724 778 esse
767 717 1102 855 profiteris,
1143 736 1292 797 quos
1329 715 1486 796 leges
1521 713 1727 774 exsilio
1768 714 1917 777 affici

338 799 590 877 volunt,
629 819 767 858 exsu
795 820 854 859 es
893 814 1069 871 sunt,
1109 799 1288 859 etiam
1313 797 1362 857 si
1385 795 1579 857 solum
1610 816 1732 855 non
1771 817 1918 856 mu·-

341 893 562 956 tarunt.
640 880 749 940 An
794 901 931 941 cum
966 899 1176 940 >omnes
1217 878 1374 959 leges
1419 893 1476 937 te
1503 875 1760 938 exsulem
1792 899 1917 939 esse

336 961 615 1054 jubeant,
647 981 779 1042 non
825 960 937 1021 eris
967 976 1031 1020 tu
1076 960 1277 1021 exsul?
1355 958 1522 1019 Num
1584 957 1921 1041 appellatur

331 1040 650 1118 mimicus,
693 1040 797 1125 qui
842 1062 979 1103 cum
1021 1040 1142 1101 telo
1192 1038 1410 1101 fuerit?
1449 1054 1606 1099 ante
1646 1056 1917 1101 senatum

335 1138 439 1184 tua
484 1120 1004 1205 sica-deprehensa
1060 1123 1177 1182 est!
1232 1121 1334 1204 qui
1391 1120 1697 1180 hominem
1752 1121 1917 1182 occi-

333 1203 548 1278 derit?
581 1221 648 1264 tu
747 1203 996 1263 lurimos
1057 1201 1362 1282 occidisti!
1418 1200 1521 1284 qui
1572 1200 1920 1262 incendium

330 1283 577 1346 lecerit?
602 1306 683 1346 ae
729 1303 788 1345 es
827 1281 1252 1368 Nympharum
1289 1304 1472 1343 manu
1497 1299 1600 1343 tua
1625 1280 1915 1364 deflagra-

326 1364 451 1425 vit!
505 1366 610 1449 qui
661 1365 885 1447 templa
936 1367 1352 1447 occupaverit?
1420 1364 1484 1423 in
1535 1362 1668 1423 foro
1721 1380 1912 1427 castra

327 1446 613 1526 posuisti!
696 1446 814 1508 Sed
852 1446 1006 1530 quid
1045 1467 1155 1527 ego
1199 1466 1540 1508 communes
1582 1445 1738 1526 leges
1764 1467 1911 1528 pro-

325 1527 488 1604 fem,
533 1525 749 1612 quibus
793 1527 1068 1589 omuibus
1111 1549 1171 1588 es
1214 1527 1414 1588 exsul?
1494 1526 1545 1586 F
1547 1528 1912 1590 amiliarissi-

325 1629 463 1670 mus
499 1625 635 1671 tuus
688 1609 762 1671 de
815 1626 874 1670 te
930 1608 1310 1691 privilegium
1358 1606 1532 1686 tulit,
1581 1624 1683 1686 ut,
1741 1610 1789 1671 si
1845 1609 1910 1671 in

325 1706 602 1772 opertum
657 1689 861 1752 Bonae
905 1691 1084 1752 Deae
1157 1690 1525 1767 accessisses,
1592 1692 1908 1753 exsulareS.

323 1770 419 1832 At
445 1786 503 1832 te
532 1772 597 1833 id
622 1773 857 1848 fecisse,
897 1774 1075 1834 etiam
1104 1771 1346 1858 gloriari
1371 1771 1545 1851 soles.
1628 1773 1905 1857 Quomo-

322 1851 404 1912 do
442 1851 627 1936 igitur
666 1865 760 1916 tot
801 1855 1030 1936 legibus
1078 1854 1141 1915 in
1193 1853 1464 1913 exsilium
1493 1858 1746 1936 ejectus,
1791 1875 1906 1914 no-

321 1954 460 1994 men
500 1934 718 1996 exsulis
759 1957 882 1998 uon
918 1934 1362 2018 perhorrescis?
1458 1934 1693 1996 'Romae
1734 1957 1900 2012 sum,

331 2016 351 2043 ¹
384 2013 603 2100 inquit.
646 2015 737 2099 'Et
767 2015 1008 2102 quidem
1047 2017 1110 2077 in
1136 2032 1345 2099 operto
1370 2014 1554 2076 fuisti.
1592 2006 1752 2091 ”Non
1778 2018 1904 2099 igi-

322 2109 423 2155 tur
464 2097 569 2159 ubi
605 2098 1041 2182 quisqueleriss
1096 2104 1221 2182 ejus
1260 2097 1380 2158 loci
1421 2100 1513 2179 jus
1550 2098 1805 2175 tenebit,
1846 2098 1899 2160 si

316 2172 401 2238 ibi
440 2199 578 2240 eum
605 2180 846 2266 ‚legibus
875 2201 1010 2242 -esse
1052 2199 1170 2239 non
1216 2177 1536 2261 oportebit.

805 2333 1274 2393 PARADOXON
1322 2336 1388 2395 V.

339 2488 463 2547 ‘Ort
499 2491 645 2558 μόνος
682 2495 707 2548 ὃ
743 2493 898 2563 σοφὸς
935 2492 1180 2564 ἐλεύθερρς
1201 2531 1220 2558 ,
1255 2491 1339 2547 καὶ
1367 2494 1472 2551 πᾶς
1499 2489 1671 2560 ἄφρων
1697 2492 1889 2551 δοῦλος.

449 2635 636 2693 Solum
665 2636 972 2714 Sapientem
1007 2657 1117 2692 esse
1146 2637 1408 2708 liberum,
1446 2651 1501 2692 et
1538 2655 1754 2691 omnem
1811 2652 1817 2659 ·

384 2720 385 2723 Ἴ
842 2729 1068 2784 stultum
1103 2747 1338 2782 servum.
1530 2735 1533 2736 ⁷

387 2865 444 2928 I.
475 2866 794 2932 ‘Laudetur
831 2893 975 2933 vero
997 2871 1116 2933 >hic
1156 2873 1511 2953 imperator,
1555 2885 1660 2930 aut
1714 2869 1892 2931 etiam

306 2948 675 3031 appelletur,
734 2968 836 3013 aut
870 2953 989 3015 hoc
1028 2952 1270 3013 nomine
1329 2952 1543 3034 dignus
1604 2967 1888 3033 puteturg,

305 3031 606 3112 quomodo
625 3076 644 3107 ,
682 3050 786 3095 aut
829 3033 925 3095 cui
969 3032 1209 3095 tandem
1255 3032 1352 3093 hic
1391 3034 1581 3094 libero
1619 3033 1888 3114 impera-

301 3109 428 3186 bit,
487 3111 590 3194 qui
629 3133 751 3173 non
793 3131 988 3197 potest
1034 3113 1458 3198 cupiditatibus
1511 3111 1631 3174 suis
1684 3114 1888 3195 impe-
1950 3172 1953 3174 ,

300 3195 470 3255 rare?
578 3193 868 3258 Refrenet
935 3198 1195 3280 primum
1262 3195 1576 3272 libidines,
1648 3212 1887 3279 spernat

1757 3297 1883 3339 vo·-

348 3433 366 3457 1
393 3424 482 3461 cod.
494 3425 554 3468 84.
582 3425 714 3471 inquit.
