2392 4062
673 273 1063 331 CICERONJS
1099 273 1527 330 PARADOXA.
1829 291 1896 345 29

290 396 295 407 ι
335 436 343 446 ·
382 411 515 492 Ego
548 434 678 473 vero
713 417 819 472 illa
860 419 1021 491 ipsa,
1071 437 1217 491 quae
1256 417 1355 471 vix
1398 415 1460 470 in
1481 411 1806 488 gymnasiis
1844 421 1902 466 et

314 508 376 562 in
411 507 571 578 otio-J
610 504 769 577 Quae
803 505 909 560 dic.
932 506 1148 559 Brutus·
1173 523 1227 576 9.
1262 500 1657 559 UmBraculae.
1706 499 1790 554 De
1819 499 1902 555 Re

311 592 472 661 Publ.
509 593 559 648 I.
617 610 669 648 2.
728 591 931 666 »Quod
984 594 1106 648 vix
1160 591 1401 665 paucis
1467 587 1903 663 persuadere

310 682 554 736 oratione
601 681 909 756 philosophi
961 681 1244 754 possunt.''
1307 677 1389 733 De
1450 679 1550 733 vix
1603 675 1744 734 vida*
1767 671 1906 752 quae

311 769 618 827 notabimus
653 770 723 824 ad
756 770 882 824 Par.
923 769 1021 823 VI.
1063 787 1115 823 1.

382 845 620 914 Ludens
664 859 924 930 conjeci.]·
956 859 996 912 i.
1039 875 1091 911 e.
1130 854 1557 911 Exercitationis
1594 874 1768 910 causa.
1821 851 1905 908 De

311 945 472 1003 Orat.
499 947 575 1003 Π.
609 963 698 1003 20.
735 945 879 1002 »Sed
907 945 1155 1016 videant,
1181 944 1315 1020 quid
1338 943 1506 1000 velint
1528 962 1542 999 τ
1571 943 1639 999 ad
1660 942 1906 998 luden-

311 1035 593 1107 dumne,
631 1056 702 1091 an
721 1032 791 1090 ad
824 1033 1268 1109 pugnandum
1301 1053 1448 1087 arma
1470 1034 1579 1087 sint
1612 1032 1904 1106 sumpturi.

308 1123 479 1179 Aliud
514 1126 661 1180 enim
681 1154 721 1166 -
741 1143 856 1179 non
891 1121 1173 1191 [difficilius
1208 1135 1323 1176 arte
1358 1120 1708 1192 conjuncta.”
1756 1119 1904 1194 lbiq.

310 1212 560 1268 Pearcius
596 1227 651 1268 et
684 1211 967 1267 Ernestius
981 1250 1000 1283 ‚
1041 1212 1129 1266 cui
1164 1209 1453 1281 legendum
1488 1209 1720 1263 videtur.
1757 1209 1908 1262 Arte

310 1321 425 1356 non
440 1302 653 1375 juncta
691 1299 792 1356 {vel
838 1310 961 1356 arte
991 1301 1262 1368 sejuncta.
1310 1295 1536 1351 Jocandi
1573 1312 1701 1353 vero
1736 1296 1908 1366 signi-

309 1387 557 1444 ficatione
592 1386 679 1445 vel
711 1387 944 1443 ridendi.
975 1387 1109 1442 ibid.
1147 1406 1268 1460 cap.
1304 1384 1398 1440 45.
1436 1383 1618 1440 »Haec
1633 1399 1760 1440 sunt
1780 1382 1869 1438 illa
1885 1422 1908 1454 ,

310 1496 450 1550 quae
473 1495 574 1532 me
615 1475 866 1532 ludens
916 1474 1136 1531 Crassus
1167 1474 1330 1529 modo
1354 1472 1660 1545 flagitabat,
1735 1492 1910 1554 quum

310 1585 346 1621 a
378 1584 467 1621 me
501 1565 762 1621 divinitus
797 1566 1016 1620 tractari
1052 1562 1222 1619 solere
1256 1561 1478 1618 diceret.
1481 1561 1520 1594 ''

391 1655 556 1727 Quae
599 1655 744 1728 quia
788 1663 921 1709 sunt
954 1683 994 1694 -
1020 1661 1236 1708 tentare
1282 1650 1444 1708 volui
1476 1680 1517 1694 -
1555 1652 1619 1707 in
1656 1650 1911 1725 forum]

309 1740 458 1797 Haec
503 1742 670 1796 verba
717 1740 789 1795 ab
838 1739 955 1796 aliis
1023 1739 1178 1796 aliter
1237 1739 1736 1814 interpunguntur3
1794 1738 1910 1795 Nos

309 1840 451 1885 cum-
471 1826 818 1884 Gernhardio
833 1868 854 1901 ‚
891 1831 1019 1904 (qui
1067 1829 1389 1884 sententiam
1438 1830 1670 1884 mutavit
1716 1830 1776 1884 111
1821 1828 1910 1883 ad-

307 1918 499 1974 dendis
514 1918 583 1973 ad
617 1918 833 1973 Calcem
872 1917 1144 1985 Editionis
1169 1914 1719 1993 Paradox.pag.516‚
1743 1935 1908 1991 prae-

309 2007 491 2063 ferens
523 2006 649 2063 lect.
688 2005 826 2061 Cod.
862 2004 1055 2061 Duisb.
1092 2017 1146 2062 et
1180 2006 1255 2062 ab
1293 2006 1456 2080 ipsis)
1490 2005 1579 2060 illa
1595 2043 1615 2076 ‚
1652 2006 1726 2060 ab
1764 2007 1907 2080 ipsis

309 2097 485 2152 etiam
518 2092 784 2166 παράδὸξοι
821 2094 1184 2170 appellantur
1230 2095 1565 2169 parenthesis
1623 2095 1788 2165 signis
1822 2113 1907 2148 ex·

309 2184 436 2239 cudi
478 2185 763 2256 jussimus,
802 2197 866 2237 ut
900 2182 1259 2254 arbitramur,
1299 2198 1475 2239 recte:
1514 2203 1641 2238 cum
1694 2183 1905 2258 reliqua

310 2252 486 2328 or⁶atio
501 2271 661 2328 ‘bene
696 2269 985 2346 procedat,
1021 2268 1253 2345 ideoque
1287 2290 1401 2326 non
1426 2272 1496 2327 sit
1530 2291 1743 2326 necesse
1778 2292 1906 2326 cum

308 2359 554 2434 Bentlejo
590 2359 798 2434 legere:
836 2358 911 2415 ab
950 2360 1092 2432 ipsis
1151 2359 1326 2415 etiam
1371 2362 1636 2431 παράδοξοι
1698 2361 1908 2434 appel—
1938 2373 1943 2379 '

311 2451 471 2516 lata,
508 2460 721 2505 tentare
755 2449 931 2505 volui.
968 2447 1235 2522 Profer-re
1270 2450 1333 2504 in
1379 2449 1560 2504 lucem
1594 2447 1812 2504 solenne
1849 2452 1909 2503 in

313 2538 416 2592 hac
451 2557 532 2593 re.
583 2535 665 2592 De
701 2536 785 2591 Or
818 2536 866 2590 I.
904 2534 996 2590 54.
1036 2551 1127 2590 »et
1162 2535 1252 2591 illa
1287 2538 1670 2592 commentatio
1706 2537 1911 2592 inclusa

311 2627 372 2681 in
410 2627 647 2681 veritatis
682 2625 905 2680 lucem
939 2625 1374 2699 proferenda
1411 2626 1574 2681 est-'²
1610 2625 1718 2680 Pro
1737 2626 1908 2685 Arch‚

315 2734 373 2790 9.
410 2715 589 2770 Verba
631 2716 693 2771 in
707 2715 911 2788 sorum
956 2712 1145 2769 Bentl:
1195 2728 1251 2769 et
1298 2712 1516 2770 Schutz.
1555 2729 1619 2770 ut
1654 2714 1910 2787 glossema

316 2807 631 2876 ejecerunt3
670 2800 888 2859 Gernh.
922 2805 1075 2858 uncis
1121 2802 1358 2858 inclusit.
1419 2801 1637 2877 Quibus
1691 2805 1911 2879 quomi-

318 2909 422 2946 nus
446 2892 827 2963 assentiamur,
855 2891 985 2947 facit
997 2906 1117 2946 tum
1149 2890 1411 2947 Codicum
1433 2893 1715 2948 concordia
1730 2932 1749 2964 ‚
1793 2908 1912 2948 tum

317 2980 434 3054 ipse
455 2979 644 3036 Cice’ro
662 3019 679 3051 ,
716 2982 813 3055 qui
835 2981 969 3036 haec
999 2981 1210 3054 saepius
1244 2983 1544 3053 conjungit.
1582 2982 1690 3036 Pro
1727 2980 1910 3036 Sextio

323 3067 412 3124 24.
452 3089 661 3143 »quum
683 3088 846 3124 nemo
872 3084 1111 3138 vestrum
1132 3069 1159 3122 f
1170 3089 1244 3123 or
1258 3090 1364 3124 um
1381 3109 1400 3141 ‚
1436 3091 1597 3126 nemo
1616 3090 1697 3125 cu
1715 3071 1908 3141 riam,

317 3155 543 3211 nemolu
586 3175 728 3211 cem
766 3157 1037 3232 adspicere
1050 3156 1526 3214 vellet.”Auct.ad
1555 3159 1686 3214 Her.
1703 3159 1799 3215 IV.
1821 3160 1907 3215 15.

321 3245 450 3300 »Tu
474 3246 535 3300 in
571 3244 802 3302 forum
827 3247 1079 3320 prodire,
1121 3260 1183 3300 tu
1212 3245 1439 3302 lucem
1469 3250 1806 3322 conspicere,
1849 3263 1937 3304 tu·

321 3335 381 3389 111
398 3334 599 3392 horum
617 3349 963 3409 conspectum
985 3336 1168 3391 venire
1192 3336 1398 3390 conaris
1410 3334 1476 3391 ?”
1503 3337 1571 3393 de
1592 3337 1695 3392 Fin
1719 3337 1789 3392 V.
1818 3355 1907 3409 29.
1931 3385 1934 3388 ,

1766 3426 1912 3483 »Βο-
