<?xml version="1.0" encoding="UTF-8"?>
<!DOCTYPE html PUBLIC "-//W3C//DTD XHTML 1.0 Transitional//EN"
    "http://www.w3.org/TR/xhtml1/DTD/xhtml1-transitional.dtd">
<html xmlns="http://www.w3.org/1999/xhtml" xml:lang="en" lang="en">
 <head>
  <title>
</title>
<meta http-equiv="Content-Type" content="text/html;charset=utf-8" />
  <meta name='ocr-system' content='tesseract 3.04.00' />
  <meta name='ocr-capabilities' content='ocr_page ocr_carea ocr_par ocr_line ocrx_word'/>
</head>
<body>
  <div class='ocr_page' id='page_1' title='image "./paradoxaparadoxa00ciceuoft_0089.png"; bbox 0 0 2392 4062; ppageno 0'>
   <div class='ocr_carea' id='block_1_1' title="bbox 721 204 1944 320">
    <p class='ocr_par' dir='ltr' id='par_1_1' title="bbox 721 204 1944 320">
     <span class='ocr_line' id='line_1_1' title="bbox 721 204 1944 320; baseline 0.002 -23"><span class='ocrx_word' id='word_1_1' title='bbox 721 204 1110 298; x_wconf 72' lang='lat' dir='ltr'><strong>clcEnoNis</strong></span> <span class='ocrx_word' id='word_1_2' title='bbox 1146 241 1573 298; x_wconf 80' lang='lat' dir='ltr'><strong>PARADOXA.</strong></span> <span class='ocrx_word' id='word_1_3' title='bbox 1877 247 1944 320; x_wconf 82' lang='lat'><strong>-75</strong></span> 
     </span>
    </p>
   </div>
   <div class='ocr_carea' id='block_1_2' title="bbox 342 379 1943 900">
    <p class='ocr_par' dir='ltr' id='par_1_2' title="bbox 342 379 1943 900">
     <span class='ocr_line' id='line_1_2' title="bbox 347 379 1941 458; baseline 0.002 -21"><span class='ocrx_word' id='word_1_4' title='bbox 347 379 776 454; x_wconf 78' lang='lat' dir='ltr'><strong>Coniunctiones</strong></span> <span class='ocrx_word' id='word_1_5' title='bbox 811 383 870 438; x_wconf 88' lang='lat' dir='ltr'><strong>in</strong></span> <span class='ocrx_word' id='word_1_6' title='bbox 906 384 1218 454; x_wconf 80' lang='lat' dir='ltr'><strong>magistratu</strong></span> <span class='ocrx_word' id='word_1_7' title='bbox 1254 383 1508 458; x_wconf 80' lang='lat' dir='ltr'><strong><em>petendO.</em></strong></span> <span class='ocrx_word' id='word_1_8' title='bbox 1546 383 1671 440; x_wconf 80' lang='lat' dir='ltr'><strong>vid.</strong></span> <span class='ocrx_word' id='word_1_9' title='bbox 1725 381 1941 440; x_wconf 83' lang='lat' dir='ltr'><strong><em>Gernh.</em></strong></span> 
     </span>
     <span class='ocr_line' id='line_1_3' title="bbox 353 470 1943 528; baseline 0.001 -3"><span class='ocrx_word' id='word_1_10' title='bbox 353 472 423 526; x_wconf 74' lang='lat' dir='ltr'><strong>ad</strong></span> <span class='ocrx_word' id='word_1_11' title='bbox 449 472 509 526; x_wconf 90' lang='lat' dir='ltr'><strong>h.</strong></span> <span class='ocrx_word' id='word_1_12' title='bbox 546 470 586 526; x_wconf 87' lang='lat' dir='ltr'><strong>l.</strong></span> <span class='ocrx_word' id='word_1_13' title='bbox 622 486 677 526; x_wconf 88' lang='lat' dir='ltr'><strong>et</strong></span> <span class='ocrx_word' id='word_1_14' title='bbox 702 471 841 527; x_wconf 86' lang='lat' dir='ltr'><strong>Ern.</strong></span> <span class='ocrx_word' id='word_1_15' title='bbox 879 472 964 526; x_wconf 88' lang='lat' dir='ltr'><strong>Cl.</strong></span> <span class='ocrx_word' id='word_1_16' title='bbox 1002 471 1116 527; x_wconf 86' lang='lat' dir='ltr'><strong>Cic.</strong></span> <span class='ocrx_word' id='word_1_17' title='bbox 1153 473 1214 527; x_wconf 86' lang='lat' dir='ltr'><strong>in</strong></span> <span class='ocrx_word' id='word_1_18' title='bbox 1250 492 1398 526; x_wconf 87' lang='lat' dir='ltr'><strong>voce.</strong></span> <span class='ocrx_word' id='word_1_19' title='bbox 1460 473 1639 527; x_wconf 78' lang='lat' dir='ltr'><strong>Coitio</strong></span> <span class='ocrx_word' id='word_1_20' title='bbox 1689 486 1744 526; x_wconf 89' lang='lat' dir='ltr'><strong>et</strong></span> <span class='ocrx_word' id='word_1_21' title='bbox 1794 475 1943 528; x_wconf 80' lang='lat' dir='ltr'><strong>coire</strong></span> 
     </span>
     <span class='ocr_line' id='line_1_4' title="bbox 348 558 1940 635; baseline -0.001 -19"><span class='ocrx_word' id='word_1_22' title='bbox 348 578 563 634; x_wconf 69' lang='lat' dir='ltr'><strong><em>semper</em></strong></span> <span class='ocrx_word' id='word_1_23' title='bbox 617 559 732 616; x_wconf 88' lang='lat' dir='ltr'><strong><em>fere</em></strong></span> <span class='ocrx_word' id='word_1_24' title='bbox 790 561 1127 635; x_wconf 86' lang='lat' dir='ltr'><strong>accipiuntur</strong></span> <span class='ocrx_word' id='word_1_25' title='bbox 1172 561 1233 613; x_wconf 91' lang='lat' dir='ltr'><strong>in</strong></span> <span class='ocrx_word' id='word_1_26' title='bbox 1279 558 1475 615; x_wconf 88' lang='lat' dir='ltr'><strong>malam</strong></span> <span class='ocrx_word' id='word_1_27' title='bbox 1521 571 1752 634; x_wconf 82' lang='lat' dir='ltr'><strong>partem.</strong></span> <span class='ocrx_word' id='word_1_28' title='bbox 1815 559 1940 615; x_wconf 88' lang='lat' dir='ltr'><strong>Vid.</strong></span> 
     </span>
     <span class='ocr_line' id='line_1_5' title="bbox 351 645 1939 724; baseline 0.001 -22"><span class='ocrx_word' id='word_1_29' title='bbox 351 645 621 704; x_wconf 84' lang='lat' dir='ltr'><strong>Graevius</strong></span> <span class='ocrx_word' id='word_1_30' title='bbox 658 650 863 724; x_wconf 68' lang='lat' dir='ltr'><strong>adpro</strong></span> <span class='ocrx_word' id='word_1_31' title='bbox 899 648 1117 704; x_wconf 87' lang='lat' dir='ltr'><strong>Cluent.</strong></span> <span class='ocrx_word' id='word_1_32' title='bbox 1149 649 1238 712; x_wconf 85' lang='lat'><strong>52.</strong></span> <span class='ocrx_word' id='word_1_33' title='bbox 1263 645 1440 704; x_wconf 89' lang='lat' dir='ltr'><strong>Gron.</strong></span> <span class='ocrx_word' id='word_1_34' title='bbox 1469 663 1525 702; x_wconf 88' lang='lat' dir='ltr'><strong>et</strong></span> <span class='ocrx_word' id='word_1_35' title='bbox 1539 648 1710 704; x_wconf 86' lang='lat' dir='ltr'><strong>Drak.</strong></span> <span class='ocrx_word' id='word_1_36' title='bbox 1732 649 1802 703; x_wconf 84' lang='lat' dir='ltr'><strong>ad</strong></span> <span class='ocrx_word' id='word_1_37' title='bbox 1819 649 1939 704; x_wconf 88' lang='lat' dir='ltr'><strong>Liv.</strong></span> 
     </span>
     <span class='ocr_line' id='line_1_6' title="bbox 346 731 1940 814; baseline 0.004 -26"><span class='ocrx_word' id='word_1_38' title='bbox 346 732 445 797; x_wconf 78' lang='lat' dir='ltr'><strong>IV.</strong></span> <span class='ocrx_word' id='word_1_39' title='bbox 498 731 583 791; x_wconf 89' lang='grc'><strong>15.</strong></span> <span class='ocrx_word' id='word_1_40' title='bbox 630 733 803 792; x_wconf 87' lang='lat' dir='ltr'>Simili</span> <span class='ocrx_word' id='word_1_41' title='bbox 838 750 1101 812; x_wconf 83' lang='lat' dir='ltr'><strong>potestate</strong></span> <span class='ocrx_word' id='word_1_42' title='bbox 1136 749 1435 792; x_wconf 68' lang='lat' dir='ltr'><strong>conventus</strong></span> <span class='ocrx_word' id='word_1_43' title='bbox 1470 738 1756 810; x_wconf 77' lang='lat' dir='ltr'><strong>dicuntur,</strong></span> <span class='ocrx_word' id='word_1_44' title='bbox 1795 739 1940 814; x_wconf 88' lang='lat' dir='ltr'><strong>apud</strong></span> 
     </span>
     <span class='ocr_line' id='line_1_7' title="bbox 342 815 1940 900; baseline 0.002 -22"><span class='ocrx_word' id='word_1_45' title='bbox 342 815 494 881; x_wconf 59' lang='lat' dir='ltr'><strong>Sall.</strong></span> <span class='ocrx_word' id='word_1_46' title='bbox 517 826 581 880; x_wconf 93' lang='lat' dir='ltr'><strong>B.</strong></span> <span class='ocrx_word' id='word_1_47' title='bbox 621 825 687 881; x_wconf 81' lang='lat' dir='ltr'><strong>G.</strong></span> <span class='ocrx_word' id='word_1_48' title='bbox 724 827 814 882; x_wconf 89' lang='grc'><strong>50.</strong></span> <span class='ocrx_word' id='word_1_49' title='bbox 851 827 929 882; x_wconf 83' lang='lat' dir='ltr'><strong>Ut</strong></span> <span class='ocrx_word' id='word_1_50' title='bbox 963 826 1302 883; x_wconf 80' lang='lat' dir='ltr'><strong><em>intercedere</em></strong></span> <span class='ocrx_word' id='word_1_51' title='bbox 1337 827 1395 879; x_wconf 92' lang='lat' dir='ltr'><strong>in</strong></span> <span class='ocrx_word' id='word_1_52' title='bbox 1420 845 1480 879; x_wconf 82' lang='lat' dir='ltr'><strong><em>re</em></strong></span> <span class='ocrx_word' id='word_1_53' title='bbox 1515 827 1825 900; x_wconf 86' lang='lat' dir='ltr'><strong>pecuniari‚</strong></span> <span class='ocrx_word' id='word_1_54' title='bbox 1862 828 1940 881; x_wconf 81' lang='lat' dir='ltr'><strong>sic</strong></span> 
     </span>
    </p>
   </div>
   <div class='ocr_carea' id='block_1_3' title="bbox 328 913 1935 1078">
    <p class='ocr_par' dir='ltr' id='par_1_3' title="bbox 328 913 1934 1078">
     <span class='ocr_line' id='line_1_8' title="bbox 328 913 1934 991; baseline -0.002 -17"><span class='ocrx_word' id='word_1_55' title='bbox 328 927 405 974; x_wconf 58' lang='lat' dir='ltr'><strong>vet·</strong></span> <span class='ocrx_word' id='word_1_56' title='bbox 425 915 770 988; x_wconf 73' lang='lat' dir='ltr'><strong>interponere</strong></span> <span class='ocrx_word' id='word_1_57' title='bbox 792 930 1084 991; x_wconf 85' lang='lat' dir='ltr'><strong>usurpatur</strong></span> <span class='ocrx_word' id='word_1_58' title='bbox 1110 935 1212 989; x_wconf 85' lang='lat' dir='ltr'><strong>pro</strong></span> <span class='ocrx_word' id='word_1_59' title='bbox 1235 913 1428 969; x_wconf 89' lang='lat' dir='ltr'><strong>Milon.</strong></span> <span class='ocrx_word' id='word_1_60' title='bbox 1460 933 1514 986; x_wconf 89' lang='lat'><strong>9.</strong></span> <span class='ocrx_word' id='word_1_61' title='bbox 1551 914 1934 972; x_wconf 87' lang='lat' dir='ltr'><strong>»Convocabat</strong></span> 
     </span>
     <span class='ocr_line' id='line_1_9' title="bbox 346 999 1935 1078; baseline 0.004 -25"><span class='ocrx_word' id='word_1_62' title='bbox 346 999 549 1056; x_wconf 77' lang='lat' dir='ltr'><strong>tribus:</strong></span> <span class='ocrx_word' id='word_1_63' title='bbox 586 1022 657 1057; x_wconf 86' lang='lat' dir='ltr'><strong>se</strong></span> <span class='ocrx_word' id='word_1_64' title='bbox 691 1003 928 1078; x_wconf 74' lang='lat' dir='ltr'><strong>interp</strong></span> <span class='ocrx_word' id='word_1_65' title='bbox 943 1004 1159 1058; x_wconf 85' lang='lat' dir='ltr'><strong>oneba</strong></span> <span class='ocrx_word' id='word_1_66' title='bbox 1175 1018 1215 1057; x_wconf 84' lang='lat' dir='ltr'><strong>t.</strong></span> <span class='ocrx_word' id='word_1_67' title='bbox 1218 1004 1255 1034; x_wconf 84' lang='lat'><strong>&#39;&#39;</strong></span> <span class='ocrx_word' id='word_1_68' title='bbox 1304 1003 1466 1058; x_wconf 82' lang='lat' dir='ltr'><strong>Conf.</strong></span> <span class='ocrx_word' id='word_1_69' title='bbox 1505 1001 1687 1078; x_wconf 88' lang='lat' dir='ltr'><strong><em>Nepos</em></strong></span> <span class='ocrx_word' id='word_1_70' title='bbox 1722 1003 1843 1062; x_wconf 86' lang='lat' dir='ltr'><strong>Att.</strong></span> <span class='ocrx_word' id='word_1_71' title='bbox 1881 1023 1935 1060; x_wconf 87' lang='grc'><strong>2.</strong></span> 
     </span>
    </p>
   </div>
   <div class='ocr_carea' id='block_1_4' title="bbox 342 1079 1936 1339">
    <p class='ocr_par' dir='ltr' id='par_1_4' title="bbox 342 1079 1936 1339">
     <span class='ocr_line' id='line_1_10' title="bbox 344 1079 1375 1166; baseline 0.002 -23"><span class='ocrx_word' id='word_1_72' title='bbox 344 1107 401 1162; x_wconf 79' lang='grc'><strong>9.</strong></span> <span class='ocrx_word' id='word_1_73' title='bbox 440 1104 494 1144; x_wconf 83' lang='grc'><strong>61</strong></span> <span class='ocrx_word' id='word_1_74' title='bbox 528 1089 856 1166; x_wconf 84' lang='lat' dir='ltr'><strong>Interpretes</strong></span> <span class='ocrx_word' id='word_1_75' title='bbox 893 1092 961 1146; x_wconf 83' lang='lat' dir='ltr'><strong>ad</strong></span> <span class='ocrx_word' id='word_1_76' title='bbox 996 1091 1138 1146; x_wconf 87' lang='lat' dir='ltr'><strong>Phil.</strong></span> <span class='ocrx_word' id='word_1_77' title='bbox 1174 1091 1247 1146; x_wconf 92' lang='lat' dir='ltr'><strong>II.</strong></span> <span class='ocrx_word' id='word_1_78' title='bbox 1291 1079 1375 1146; x_wconf 87' lang='lat'><strong>18.</strong></span> 
     </span>
     <span class='ocr_line' id='line_1_11' title="bbox 412 1164 1936 1284; baseline 0.003 -50"><span class='ocrx_word' id='word_1_79' title='bbox 412 1180 794 1284; x_wconf 67' lang='lat' dir='ltr'><strong>Expulsiones</strong></span> <span class='ocrx_word' id='word_1_80' title='bbox 814 1183 1146 1243; x_wconf 75' lang='lat' dir='ltr'><strong>vicinorum.</strong></span> <span class='ocrx_word' id='word_1_81' title='bbox 1150 1183 1173 1255; x_wconf 95' lang='lat'>]</span> <span class='ocrx_word' id='word_1_82' title='bbox 1212 1180 1374 1236; x_wconf 89' lang='lat' dir='ltr'><strong>Conf.</strong></span> <span class='ocrx_word' id='word_1_83' title='bbox 1396 1181 1520 1236; x_wconf 87' lang='lat' dir='ltr'><strong>Phil</strong></span> <span class='ocrx_word' id='word_1_84' title='bbox 1544 1164 1699 1239; x_wconf 85' lang='lat' dir='ltr'><strong>XIV.</strong></span> <span class='ocrx_word' id='word_1_85' title='bbox 1726 1182 1758 1237; x_wconf 82' lang='lat'>3</span> <span class='ocrx_word' id='word_1_86' title='bbox 1786 1182 1936 1239; x_wconf 86' lang='lat' dir='ltr'><strong>»Aut</strong></span> 
     </span>
     <span class='ocr_line' id='line_1_12' title="bbox 342 1267 868 1339; baseline 0.008 -18"><span class='ocrx_word' id='word_1_87' title='bbox 342 1267 565 1339; x_wconf 80' lang='lat' dir='ltr'><strong>ejiciunt</strong></span> <span class='ocrx_word' id='word_1_88' title='bbox 601 1269 868 1326; x_wconf 63' lang='grc' dir='ltr'><strong>1111311105.υ</strong></span> 
     </span>
    </p>
   </div>
   <div class='ocr_carea' id='block_1_5' title="bbox 338 1358 1935 1523">
    <p class='ocr_par' dir='ltr' id='par_1_5' title="bbox 338 1358 1935 1523">
     <span class='ocr_line' id='line_1_13' title="bbox 410 1358 1935 1433; baseline 0.003 -22"><span class='ocrx_word' id='word_1_89' title='bbox 410 1358 803 1414; x_wconf 67' lang='lat' dir='ltr'><strong>Poe-sessiones</strong></span> <span class='ocrx_word' id='word_1_90' title='bbox 847 1361 1160 1433; x_wconf 58' lang='lat' dir='ltr'><strong>vacuas]</strong></span> <span class='ocrx_word' id='word_1_91' title='bbox 1143 1382 1185 1414; x_wconf 89' lang='lat'><strong>1.</strong></span> <span class='ocrx_word' id='word_1_92' title='bbox 1224 1378 1271 1413; x_wconf 90' lang='lat' dir='ltr'><strong>e.</strong></span> <span class='ocrx_word' id='word_1_93' title='bbox 1312 1377 1451 1432; x_wconf 82' lang='lat' dir='ltr'><strong>quae</strong></span> <span class='ocrx_word' id='word_1_94' title='bbox 1482 1379 1512 1412; x_wconf 84' lang='lat' dir='ltr'>a</span> <span class='ocrx_word' id='word_1_95' title='bbox 1537 1360 1753 1415; x_wconf 86' lang='lat' dir='ltr'><strong>nemine</strong></span> <span class='ocrx_word' id='word_1_96' title='bbox 1787 1360 1935 1416; x_wconf 85' lang='lat' dir='ltr'><strong>deti-</strong></span> 
     </span>
     <span class='ocr_line' id='line_1_14' title="bbox 338 1434 1928 1523; baseline 0.003 -24"><span class='ocrx_word' id='word_1_97' title='bbox 338 1459 540 1507; x_wconf 79' lang='lat' dir='ltr'><strong>nentur</strong></span> <span class='ocrx_word' id='word_1_98' title='bbox 579 1461 675 1501; x_wconf 84' lang='lat' dir='ltr'><strong>aut</strong></span> <span class='ocrx_word' id='word_1_99' title='bbox 722 1464 1071 1522; x_wconf 84' lang='lat' dir='ltr'><strong>occupantur.</strong></span> <span class='ocrx_word' id='word_1_100' title='bbox 1122 1448 1248 1503; x_wconf 82' lang='lat' dir='ltr'><strong>vid.</strong></span> <span class='ocrx_word' id='word_1_101' title='bbox 1300 1434 1462 1503; x_wconf 75' lang='lat' dir='ltr'><strong>Briss.</strong></span> <span class='ocrx_word' id='word_1_102' title='bbox 1497 1449 1565 1502; x_wconf 89' lang='lat' dir='ltr'><strong><em>de</em></strong></span> <span class='ocrx_word' id='word_1_103' title='bbox 1601 1449 1668 1502; x_wconf 93' lang='lat' dir='ltr'><strong>V.</strong></span> <span class='ocrx_word' id='word_1_104' title='bbox 1693 1448 1749 1504; x_wconf 94' lang='lat' dir='ltr'><strong>S.</strong></span> <span class='ocrx_word' id='word_1_105' title='bbox 1793 1450 1928 1523; x_wconf 80' lang='lat' dir='ltr'><strong>ibiq.</strong></span> 
     </span>
    </p>
   </div>
   <div class='ocr_carea' id='block_1_6' title="bbox 335 1533 1932 1701">
    <p class='ocr_par' dir='ltr' id='par_1_6' title="bbox 335 1533 1932 1701">
     <span class='ocr_line' id='line_1_15' title="bbox 335 1533 1931 1612; baseline 0.002 -23"><span class='ocrx_word' id='word_1_106' title='bbox 335 1533 500 1589; x_wconf 76' lang='lat' dir='ltr'><strong>Auct.</strong></span> <span class='ocrx_word' id='word_1_107' title='bbox 543 1533 613 1588; x_wconf 77' lang='lat' dir='ltr'><strong>ad</strong></span> <span class='ocrx_word' id='word_1_108' title='bbox 655 1534 787 1590; x_wconf 87' lang='lat' dir='ltr'><strong>Her.</strong></span> <span class='ocrx_word' id='word_1_109' title='bbox 837 1536 932 1597; x_wconf 89' lang='lat' dir='ltr'><strong>IV.</strong></span> <span class='ocrx_word' id='word_1_110' title='bbox 968 1554 1058 1609; x_wconf 85' lang='lat'><strong>29.</strong></span> <span class='ocrx_word' id='word_1_111' title='bbox 1097 1535 1263 1592; x_wconf 88' lang='lat' dir='ltr'><strong>Conf.</strong></span> <span class='ocrx_word' id='word_1_112' title='bbox 1299 1536 1490 1591; x_wconf 86' lang='lat' dir='ltr'><strong>Heinr.</strong></span> <span class='ocrx_word' id='word_1_113' title='bbox 1531 1537 1600 1590; x_wconf 85' lang='lat' dir='ltr'><strong>ad</strong></span> <span class='ocrx_word' id='word_1_114' title='bbox 1635 1536 1791 1592; x_wconf 85' lang='lat' dir='ltr'><strong>Orat.</strong></span> <span class='ocrx_word' id='word_1_115' title='bbox 1828 1559 1931 1612; x_wconf 87' lang='lat' dir='ltr'><strong>pro</strong></span> 
     </span>
     <span class='ocr_line' id='line_1_16' title="bbox 335 1620 1932 1701; baseline 0.004 -25"><span class='ocrx_word' id='word_1_116' title='bbox 335 1620 486 1677; x_wconf 86' lang='lat' dir='ltr'><strong>Tull.</strong></span> <span class='ocrx_word' id='word_1_117' title='bbox 537 1621 623 1677; x_wconf 93' lang='grc'><strong>15.</strong></span> <span class='ocrx_word' id='word_1_118' title='bbox 665 1621 807 1699; x_wconf 85' lang='lat' dir='ltr'><strong>Nep.</strong></span> <span class='ocrx_word' id='word_1_119' title='bbox 855 1624 1057 1680; x_wconf 89' lang='lat' dir='ltr'><strong>Timol.</strong></span> <span class='ocrx_word' id='word_1_120' title='bbox 1102 1624 1157 1678; x_wconf 88' lang='grc'><strong>5.</strong></span> <span class='ocrx_word' id='word_1_121' title='bbox 1210 1625 1392 1682; x_wconf 84' lang='grc' dir='ltr'><strong>»Β6110</strong></span> <span class='ocrx_word' id='word_1_122' title='bbox 1438 1625 1768 1681; x_wconf 82' lang='lat' dir='ltr'><strong>vacuefactas</strong></span> <span class='ocrx_word' id='word_1_123' title='bbox 1800 1646 1932 1701; x_wconf 82' lang='lat' dir='ltr'><strong>pos-</strong></span> 
     </span>
    </p>
   </div>
   <div class='ocr_carea' id='block_1_7' title="bbox 337 1712 656 1767">
    <p class='ocr_par' dir='ltr' id='par_1_7' title="bbox 337 1712 656 1767">
     <span class='ocr_line' id='line_1_17' title="bbox 337 1712 656 1767; baseline -0.003 -1"><span class='ocrx_word' id='word_1_124' title='bbox 337 1712 593 1767; x_wconf 79' lang='lat' dir='ltr'><strong>sessiones</strong></span> <span class='ocrx_word' id='word_1_125' title='bbox 600 1713 656 1765; x_wconf 85' lang='lat'><strong>.”</strong></span> 
     </span>
    </p>
   </div>
   <div class='ocr_carea' id='block_1_8' title="bbox 334 1800 1926 1946">
    <p class='ocr_par' dir='ltr' id='par_1_8' title="bbox 334 1800 1926 1946">
     <span class='ocr_line' id='line_1_18' title="bbox 334 1800 1926 1946; baseline 0.003 -91"><span class='ocrx_word' id='word_1_126' title='bbox 334 1801 629 1946; x_wconf 62' lang='grc' dir='ltr'><strong>νΠιῖἶιιῑῖαηί</strong></span> <span class='ocrx_word' id='word_1_127' title='bbox 682 1802 946 1875; x_wconf 67' lang='lat' dir='ltr'><strong>temporis</strong></span> <span class='ocrx_word' id='word_1_128' title='bbox 995 1803 1277 1885; x_wconf 63' lang='lat' dir='ltr'><strong><em>messem]</em></strong></span> <span class='ocrx_word' id='word_1_129' title='bbox 1347 1801 1504 1859; x_wconf 82' lang='lat' dir='ltr'><strong>Verr.</strong></span> <span class='ocrx_word' id='word_1_130' title='bbox 1549 1801 1596 1857; x_wconf 90' lang='grc' dir='ltr'><strong>Ι.</strong></span> <span class='ocrx_word' id='word_1_131' title='bbox 1648 1802 1734 1862; x_wconf 85' lang='grc'><strong>16.</strong></span> <span class='ocrx_word' id='word_1_132' title='bbox 1781 1800 1926 1859; x_wconf 87' lang='lat' dir='ltr'><strong>Phil.</strong></span> 
     </span>
     <span class='ocr_line' id='line_1_19' title="bbox 437 1887 580 1944; baseline 0.014 -2"><span class='ocrx_word' id='word_1_133' title='bbox 437 1887 485 1943; x_wconf 95' lang='grc' dir='ltr'><strong>Ι.</strong></span> <span class='ocrx_word' id='word_1_134' title='bbox 520 1887 580 1944; x_wconf 80' lang='grc'><strong>5.</strong></span> 
     </span>
    </p>
   </div>
   <div class='ocr_carea' id='block_1_9' title="bbox 411 1977 1928 2055">
    <p class='ocr_par' dir='ltr' id='par_1_9' title="bbox 411 1977 1928 2055">
     <span class='ocr_line' id='line_1_20' title="bbox 411 1977 1928 2055; baseline 0.002 -23"><span class='ocrx_word' id='word_1_135' title='bbox 411 1979 529 2049; x_wconf 80' lang='lat' dir='ltr'><strong>Qui</strong></span> <span class='ocrx_word' id='word_1_136' title='bbox 564 1977 806 2052; x_wconf 76' lang='lat' dir='ltr'><strong><em>denique</em></strong></span> <span class='ocrx_word' id='word_1_137' title='bbox 840 1979 1032 2033; x_wconf 80' lang='lat' dir='ltr'><strong>omnia</strong></span> <span class='ocrx_word' id='word_1_138' title='bbox 1063 1980 1351 2051; x_wconf 76' lang='lat' dir='ltr'><strong><em>venalia-J</em></strong></span> <span class='ocrx_word' id='word_1_139' title='bbox 1377 1978 1459 2033; x_wconf 89' lang='lat' dir='ltr'><strong><em>De</em></strong></span> <span class='ocrx_word' id='word_1_140' title='bbox 1492 1979 1597 2034; x_wconf 90' lang='lat' dir='ltr'><strong>hoc</strong></span> <span class='ocrx_word' id='word_1_141' title='bbox 1619 1979 1928 2055; x_wconf 85' lang='lat' dir='ltr'><strong>turpissimo</strong></span> 
     </span>
    </p>
   </div>
   <div class='ocr_carea' id='block_1_10' title="bbox 221 2065 1924 2134">
    <p class='ocr_par' dir='ltr' id='par_1_10' title="bbox 221 2065 1924 2134">
     <span class='ocr_line' id='line_1_21' title="bbox 221 2065 1924 2134; baseline 0.002 -12"><span class='ocrx_word' id='word_1_142' title='bbox 221 2110 230 2122; x_wconf 84' lang='grc'><strong><em>,</em></strong></span> <span class='ocrx_word' id='word_1_143' title='bbox 328 2080 589 2122; x_wconf 79' lang='lat' dir='ltr'><strong>mercatu.</strong></span> <span class='ocrx_word' id='word_1_144' title='bbox 632 2065 756 2120; x_wconf 82' lang='lat' dir='ltr'><strong>vid.</strong></span> <span class='ocrx_word' id='word_1_145' title='bbox 778 2066 933 2122; x_wconf 87' lang='lat' dir='ltr'><strong>Verr.</strong></span> <span class='ocrx_word' id='word_1_146' title='bbox 955 2066 1054 2123; x_wconf 91' lang='grc' dir='ltr'><strong>ΠΙ.</strong></span> <span class='ocrx_word' id='word_1_147' title='bbox 1089 2068 1178 2131; x_wconf 83' lang='lat'><strong>62.</strong></span> <span class='ocrx_word' id='word_1_148' title='bbox 1202 2067 1345 2122; x_wconf 91' lang='lat' dir='ltr'><strong>Phil.</strong></span> <span class='ocrx_word' id='word_1_149' title='bbox 1380 2068 1452 2125; x_wconf 88' lang='grc' dir='ltr'><strong>ΙΙ.</strong></span> <span class='ocrx_word' id='word_1_150' title='bbox 1475 2068 1531 2123; x_wconf 84' lang='grc'><strong>5.</strong></span> <span class='ocrx_word' id='word_1_151' title='bbox 1564 2068 1648 2123; x_wconf 87' lang='grc'><strong>14.</strong></span> <span class='ocrx_word' id='word_1_152' title='bbox 1682 2068 1774 2123; x_wconf 87' lang='grc'><strong>58.</strong></span> <span class='ocrx_word' id='word_1_153' title='bbox 1797 2067 1924 2134; x_wconf 86' lang='lat' dir='ltr'><strong>Sall.</strong></span> 
     </span>
    </p>
   </div>
   <div class='ocr_carea' id='block_1_11' title="bbox 272 2152 1926 3298">
    <p class='ocr_par' dir='ltr' id='par_1_11' title="bbox 272 2152 1926 3298">
     <span class='ocr_line' id='line_1_22' title="bbox 327 2152 762 2208; baseline 0 -1"><span class='ocrx_word' id='word_1_154' title='bbox 327 2153 392 2208; x_wconf 91' lang='lat' dir='ltr'><strong>B.</strong></span> <span class='ocrx_word' id='word_1_155' title='bbox 428 2152 495 2207; x_wconf 88' lang='lat' dir='ltr'><strong>C.</strong></span> <span class='ocrx_word' id='word_1_156' title='bbox 547 2168 632 2208; x_wconf 82' lang='lat'><strong>10.</strong></span> <span class='ocrx_word' id='word_1_157' title='bbox 667 2153 762 2208; x_wconf 79' lang='lat'><strong>50.</strong></span> 
     </span>
     <span class='ocr_line' id='line_1_23' title="bbox 343 2242 1926 2317; baseline 0.002 -18"><span class='ocrx_word' id='word_1_158' title='bbox 343 2247 367 2264; x_wconf 70' lang='lat'><strong>²</strong></span> <span class='ocrx_word' id='word_1_159' title='bbox 397 2242 702 2299; x_wconf 76' lang='lat' dir='ltr'><strong>Delectum</strong></span> <span class='ocrx_word' id='word_1_160' title='bbox 723 2272 763 2284; x_wconf 86' lang='lat'><em>-</em></span> <span class='ocrx_word' id='word_1_161' title='bbox 787 2263 1012 2313; x_wconf 75' lang='lat' dir='ltr'><strong>vocem,</strong></span> <span class='ocrx_word' id='word_1_162' title='bbox 1058 2244 1392 2317; x_wconf 63' lang='lat' dir='ltr'><strong>silentium]</strong></span> <span class='ocrx_word' id='word_1_163' title='bbox 1444 2244 1593 2301; x_wconf 86' lang='lat' dir='ltr'><strong>Licet</strong></span> <span class='ocrx_word' id='word_1_164' title='bbox 1617 2246 1686 2301; x_wconf 78' lang='lat' dir='ltr'><strong>ab</strong></span> <span class='ocrx_word' id='word_1_165' title='bbox 1716 2246 1926 2305; x_wconf 74' lang='lat' dir='ltr'><strong>Erudi—</strong></span> 
     </span>
     <span class='ocr_line' id='line_1_24' title="bbox 327 2327 1922 2407; baseline 0.006 -23"><span class='ocrx_word' id='word_1_166' title='bbox 327 2330 541 2384; x_wconf 80' lang='lat' dir='ltr'><strong>tissimis</strong></span> <span class='ocrx_word' id='word_1_167' title='bbox 565 2327 958 2404; x_wconf 86' lang='lat' dir='ltr'><strong>Interpretihus</strong></span> <span class='ocrx_word' id='word_1_168' title='bbox 980 2352 1136 2402; x_wconf 83' lang='lat' dir='ltr'><strong><em>aegre</em></strong></span> <span class='ocrx_word' id='word_1_169' title='bbox 1163 2333 1567 2407; x_wconf 81' lang='lat' dir='ltr'><strong>dissentiamus3</strong></span> <span class='ocrx_word' id='word_1_170' title='bbox 1589 2339 1647 2391; x_wconf 92' lang='lat' dir='ltr'><strong>h.</strong></span> <span class='ocrx_word' id='word_1_171' title='bbox 1674 2337 1712 2392; x_wconf 94' lang='lat' dir='ltr'><strong>l.</strong></span> <span class='ocrx_word' id='word_1_172' title='bbox 1740 2353 1922 2393; x_wconf 85' lang='lat' dir='ltr'><strong>tamen</strong></span> 
     </span>
     <span class='ocr_line' id='line_1_25' title="bbox 324 2418 1920 2503; baseline 0.009 -32"><span class='ocrx_word' id='word_1_173' title='bbox 324 2418 600 2473; x_wconf 76' lang='lat' dir='ltr'><strong>delectum</strong></span> <span class='ocrx_word' id='word_1_174' title='bbox 635 2439 748 2472; x_wconf 88' lang='lat' dir='ltr'><strong>non</strong></span> <span class='ocrx_word' id='word_1_175' title='bbox 785 2419 854 2473; x_wconf 86' lang='lat' dir='ltr'><strong><em>de</em></strong></span> <span class='ocrx_word' id='word_1_176' title='bbox 890 2419 1150 2476; x_wconf 85' lang='lat' dir='ltr'><strong>militibus</strong></span> <span class='ocrx_word' id='word_1_177' title='bbox 1187 2426 1583 2481; x_wconf 86' lang='lat' dir='ltr'><strong>conscribendis</strong></span> <span class='ocrx_word' id='word_1_178' title='bbox 1599 2467 1617 2498; x_wconf 86' lang='lat'>‚</span> <span class='ocrx_word' id='word_1_179' title='bbox 1655 2443 1718 2483; x_wconf 87' lang='lat' dir='ltr'><strong>ut</strong></span> <span class='ocrx_word' id='word_1_180' title='bbox 1741 2429 1920 2503; x_wconf 88' lang='lat' dir='ltr'><strong>pluri—-</strong></span> 
     </span>
     <span class='ocr_line' id='line_1_26' title="bbox 272 2505 1920 2593; baseline 0.01 -33"><span class='ocrx_word' id='word_1_181' title='bbox 272 2580 279 2592; x_wconf 35' lang='lat'>¹</span> <span class='ocrx_word' id='word_1_182' title='bbox 321 2507 426 2561; x_wconf 88' lang='lat' dir='ltr'><strong>mis</strong></span> <span class='ocrx_word' id='word_1_183' title='bbox 445 2505 656 2582; x_wconf 86' lang='lat' dir='ltr'><strong><em>placere</em></strong></span> <span class='ocrx_word' id='word_1_184' title='bbox 675 2507 951 2581; x_wconf 76' lang='lat' dir='ltr'><strong>videmus,</strong></span> <span class='ocrx_word' id='word_1_185' title='bbox 990 2511 1277 2584; x_wconf 80' lang='lat' dir='ltr'><strong>accipimus</strong></span> <span class='ocrx_word' id='word_1_186' title='bbox 1290 2552 1309 2583; x_wconf 82' lang='lat'>‚</span> <span class='ocrx_word' id='word_1_187' title='bbox 1336 2514 1428 2568; x_wconf 84' lang='lat' dir='ltr'><strong>sed</strong></span> <span class='ocrx_word' id='word_1_188' title='bbox 1449 2515 1515 2569; x_wconf 88' lang='lat' dir='ltr'><strong><em>de</em></strong></span> <span class='ocrx_word' id='word_1_189' title='bbox 1533 2518 1920 2593; x_wconf 74' lang='lat' dir='ltr'><strong>delectujudi-</strong></span> 
     </span>
     <span class='ocr_line' id='line_1_27' title="bbox 321 2597 1918 2675; baseline 0.013 -29"><span class='ocrx_word' id='word_1_190' title='bbox 321 2615 485 2666; x_wconf 76' lang='lat' dir='ltr'><strong>cum3</strong></span> <span class='ocrx_word' id='word_1_191' title='bbox 529 2597 794 2670; x_wconf 38' lang='lat' dir='ltr'><strong>*quoniam</strong></span> <span class='ocrx_word' id='word_1_192' title='bbox 839 2616 1013 2654; x_wconf 83' lang='lat' dir='ltr'><strong>sermo</strong></span> <span class='ocrx_word' id='word_1_193' title='bbox 1060 2613 1141 2666; x_wconf 77' lang='lat' dir='ltr'><strong>est</strong></span> <span class='ocrx_word' id='word_1_194' title='bbox 1187 2600 1256 2666; x_wconf 74' lang='lat' dir='ltr'><strong><em>de</em></strong></span> <span class='ocrx_word' id='word_1_195' title='bbox 1310 2605 1568 2675; x_wconf 81' lang='lat' dir='ltr'><strong>pecuniae</strong></span> <span class='ocrx_word' id='word_1_196' title='bbox 1617 2607 1671 2662; x_wconf 81' lang='lat' dir='ltr'><strong>vi</strong></span> <span class='ocrx_word' id='word_1_197' title='bbox 1706 2609 1764 2663; x_wconf 90' lang='lat' dir='ltr'><strong>in</strong></span> <span class='ocrx_word' id='word_1_198' title='bbox 1800 2630 1918 2665; x_wconf 84' lang='lat' dir='ltr'><strong>cor·</strong></span> 
     </span>
     <span class='ocr_line' id='line_1_28' title="bbox 318 2676 1914 2770; baseline 0.01 -32"><span class='ocrx_word' id='word_1_199' title='bbox 318 2676 634 2757; x_wconf 82' lang='lat' dir='ltr'><strong>rumpendis</strong></span> <span class='ocrx_word' id='word_1_200' title='bbox 658 2684 889 2754; x_wconf 81' lang='lat' dir='ltr'><strong>judiciis.</strong></span> <span class='ocrx_word' id='word_1_201' title='bbox 905 2684 1046 2739; x_wconf 90' lang='lat' dir='ltr'><strong>Phil.</strong></span> <span class='ocrx_word' id='word_1_202' title='bbox 1063 2685 1130 2750; x_wconf 86' lang='lat' dir='ltr'><strong>V.</strong></span> <span class='ocrx_word' id='word_1_203' title='bbox 1146 2688 1199 2744; x_wconf 84' lang='grc'><strong>5.</strong></span> <span class='ocrx_word' id='word_1_204' title='bbox 1240 2687 1323 2750; x_wconf 65' lang='lat' dir='ltr'><strong>»D</strong></span> <span class='ocrx_word' id='word_1_205' title='bbox 1338 2689 1385 2744; x_wconf 88' lang='lat' dir='ltr'><strong>il</strong></span> <span class='ocrx_word' id='word_1_206' title='bbox 1404 2711 1470 2746; x_wconf 84' lang='lat' dir='ltr'><strong>cc</strong></span> <span class='ocrx_word' id='word_1_207' title='bbox 1486 2708 1555 2748; x_wconf 90' lang='lat' dir='ltr'><strong>tu</strong></span> <span class='ocrx_word' id='word_1_208' title='bbox 1570 2714 1594 2748; x_wconf 92' lang='grc'><strong>5</strong></span> <span class='ocrx_word' id='word_1_209' title='bbox 1615 2711 1795 2751; x_wconf 87' lang='lat' dir='ltr'><strong>autem</strong></span> <span class='ocrx_word' id='word_1_210' title='bbox 1811 2737 1828 2770; x_wconf 85' lang='lat'>‚</span> <span class='ocrx_word' id='word_1_211' title='bbox 1860 2714 1914 2755; x_wconf 86' lang='lat' dir='ltr'><strong>et</strong></span> 
     </span>
     <span class='ocr_line' id='line_1_29' title="bbox 319 2773 1914 2843; baseline 0.01 -17"><span class='ocrx_word' id='word_1_212' title='bbox 319 2773 526 2827; x_wconf 82' lang='lat' dir='ltr'><strong>notatio</strong></span> <span class='ocrx_word' id='word_1_213' title='bbox 564 2773 872 2843; x_wconf 87' lang='lat' dir='ltr'><strong>judicum</strong></span> <span class='ocrx_word' id='word_1_214' title='bbox 907 2774 1070 2827; x_wconf 87' lang='lat' dir='ltr'><strong>etiam</strong></span> <span class='ocrx_word' id='word_1_215' title='bbox 1091 2776 1150 2828; x_wconf 90' lang='lat' dir='ltr'><strong>in</strong></span> <span class='ocrx_word' id='word_1_216' title='bbox 1182 2780 1377 2842; x_wconf 88' lang='lat' dir='ltr'><strong>nostris</strong></span> <span class='ocrx_word' id='word_1_217' title='bbox 1400 2782 1607 2837; x_wconf 88' lang='lat' dir='ltr'><strong>civibus</strong></span> <span class='ocrx_word' id='word_1_218' title='bbox 1626 2785 1814 2840; x_wconf 84' lang='lat' dir='ltr'><strong>haberi</strong></span> <span class='ocrx_word' id='word_1_219' title='bbox 1839 2809 1914 2842; x_wconf 87' lang='lat' dir='ltr'><strong>so-</strong></span> 
     </span>
     <span class='ocr_line' id='line_1_30' title="bbox 317 2859 1909 2951; baseline 0.013 -38"><span class='ocrx_word' id='word_1_220' title='bbox 317 2859 432 2915; x_wconf 70' lang='lat' dir='ltr'><strong>let.²</strong></span> <span class='ocrx_word' id='word_1_221' title='bbox 437 2861 609 2950; x_wconf 89' lang='lat' dir='ltr'><strong>’ibiq.</strong></span> <span class='ocrx_word' id='word_1_222' title='bbox 624 2862 742 2916; x_wconf 88' lang='lat' dir='ltr'><strong>Pet.</strong></span> <span class='ocrx_word' id='word_1_223' title='bbox 765 2862 916 2924; x_wconf 81' lang='lat' dir='ltr'><strong>Man.</strong></span> <span class='ocrx_word' id='word_1_224' title='bbox 930 2863 1071 2918; x_wconf 91' lang='lat' dir='ltr'><strong>Phil.</strong></span> <span class='ocrx_word' id='word_1_225' title='bbox 1091 2865 1137 2919; x_wconf 91' lang='grc' dir='ltr'><strong>Ι.</strong></span> <span class='ocrx_word' id='word_1_226' title='bbox 1165 2867 1219 2921; x_wconf 88' lang='grc'><strong>6.</strong></span> <span class='ocrx_word' id='word_1_227' title='bbox 1248 2868 1570 2928; x_wconf 82' lang='lat' dir='ltr'><strong>»Aliacausa</strong></span> <span class='ocrx_word' id='word_1_228' title='bbox 1585 2890 1664 2928; x_wconf 89' lang='lat' dir='ltr'><strong>est</strong></span> <span class='ocrx_word' id='word_1_229' title='bbox 1690 2895 1909 2951; x_wconf 86' lang='lat' dir='ltr'><strong>eorum,</strong></span> 
     </span>
     <span class='ocr_line' id='line_1_31' title="bbox 317 2947 1909 3043; baseline 0.011 -40"><span class='ocrx_word' id='word_1_230' title='bbox 317 2970 553 3025; x_wconf 87' lang='lat' dir='ltr'><strong>quorum</strong></span> <span class='ocrx_word' id='word_1_231' title='bbox 581 2947 775 3005; x_wconf 90' lang='lat' dir='ltr'><strong>silen</strong></span> <span class='ocrx_word' id='word_1_232' title='bbox 792 2953 888 3006; x_wconf 90' lang='lat' dir='ltr'><strong>tio</strong></span> <span class='ocrx_word' id='word_1_233' title='bbox 946 2954 1194 3023; x_wconf 80' lang='lat' dir='ltr'><strong>ignosco:</strong></span> <span class='ocrx_word' id='word_1_234' title='bbox 1261 2956 1362 3025; x_wconf 57' lang='lat' dir='ltr'><strong>alia</strong></span> <span class='ocrx_word' id='word_1_235' title='bbox 1418 2978 1634 3031; x_wconf 85' lang='lat' dir='ltr'><strong>eorum,</strong></span> <span class='ocrx_word' id='word_1_236' title='bbox 1675 2983 1909 3043; x_wconf 83' lang='lat' dir='ltr'><strong>quorum</strong></span> 
     </span>
     <span class='ocr_line' id='line_1_32' title="bbox 316 3040 1906 3122; baseline 0.013 -31"><span class='ocrx_word' id='word_1_237' title='bbox 316 3057 551 3092; x_wconf 83' lang='lat' dir='ltr'><strong>vocem</strong></span> <span class='ocrx_word' id='word_1_238' title='bbox 599 3040 859 3112; x_wconf 87' lang='lat' dir='ltr'><strong>requiro.</strong></span> <span class='ocrx_word' id='word_1_239' title='bbox 877 3071 880 3074; x_wconf 28' lang='grc' dir='ltr'><em>ι</em></span> <span class='ocrx_word' id='word_1_240' title='bbox 936 3042 995 3095; x_wconf 87' lang='lat' dir='ltr'><strong>in</strong></span> <span class='ocrx_word' id='word_1_241' title='bbox 1051 3042 1234 3105; x_wconf 83' lang='lat' dir='ltr'><strong>Pison.</strong></span> <span class='ocrx_word' id='word_1_242' title='bbox 1290 3047 1372 3106; x_wconf 87' lang='grc'><strong>15.</strong></span> <span class='ocrx_word' id='word_1_243' title='bbox 1423 3040 1711 3122; x_wconf 80' lang='lat' dir='ltr'><strong>»Quorum</strong></span> <span class='ocrx_word' id='word_1_244' title='bbox 1754 3075 1906 3111; x_wconf 88' lang='lat' dir='ltr'><strong>mens</strong></span> 
     </span>
     <span class='ocr_line' id='line_1_33' title="bbox 313 3124 1906 3204; baseline 0.015 -26"><span class='ocrx_word' id='word_1_245' title='bbox 313 3124 479 3180; x_wconf 85' lang='lat' dir='ltr'><strong>fuerit</strong></span> <span class='ocrx_word' id='word_1_246' title='bbox 499 3146 746 3200; x_wconf 87' lang='lat' dir='ltr'><strong>oppressa</strong></span> <span class='ocrx_word' id='word_1_247' title='bbox 770 3131 1039 3201; x_wconf 84' lang='lat' dir='ltr'><strong>praemio,</strong></span> <span class='ocrx_word' id='word_1_248' title='bbox 1062 3131 1111 3185; x_wconf 89' lang='lat' dir='ltr'><strong>li</strong></span> <span class='ocrx_word' id='word_1_249' title='bbox 1125 3154 1161 3186; x_wconf 90' lang='lat' dir='ltr'>n</span> <span class='ocrx_word' id='word_1_250' title='bbox 1175 3154 1298 3204; x_wconf 84' lang='lat' dir='ltr'><strong>gua</strong></span> <span class='ocrx_word' id='word_1_251' title='bbox 1324 3138 1572 3195; x_wconf 82' lang='lat' dir='ltr'><strong>adstricta</strong></span> <span class='ocrx_word' id='word_1_252' title='bbox 1593 3147 1906 3202; x_wconf 82' lang='lat' dir='ltr'><strong><em>mercede?&#39;&#39;</em></strong></span> 
     </span>
     <span class='ocr_line' id='line_1_34' title="bbox 359 3215 1902 3298; baseline 0.016 -30"><span class='ocrx_word' id='word_1_253' title='bbox 359 3215 1240 3294; x_wconf 75' lang='lat' dir='ltr'><strong>Copiam-abundantia-clc&#39;ves.]</strong></span> <span class='ocrx_word' id='word_1_254' title='bbox 1264 3223 1344 3278; x_wconf 89' lang='lat' dir='ltr'><strong><em>De</em></strong></span> <span class='ocrx_word' id='word_1_255' title='bbox 1359 3226 1510 3283; x_wconf 81' lang='lat' dir='ltr'><strong>Orat.</strong></span> <span class='ocrx_word' id='word_1_256' title='bbox 1526 3229 1597 3285; x_wconf 88' lang='lat' dir='ltr'><strong>II.</strong></span> <span class='ocrx_word' id='word_1_257' title='bbox 1616 3232 1704 3288; x_wconf 88' lang='grc'><strong>55.</strong></span> <span class='ocrx_word' id='word_1_258' title='bbox 1725 3235 1902 3298; x_wconf 82' lang='lat' dir='ltr'>»Nam</span> 
     </span>
    </p>
   </div>
   <div class='ocr_carea' id='block_1_12' title="bbox 312 3303 1900 3388">
    <p class='ocr_par' dir='ltr' id='par_1_12' title="bbox 312 3303 1900 3388">
     <span class='ocr_line' id='line_1_35' title="bbox 312 3303 1900 3388; baseline 0.018 -34"><span class='ocrx_word' id='word_1_259' title='bbox 312 3303 564 3370; x_wconf 65' lang='lat' dir='ltr'><strong>orationis</strong></span> <span class='ocrx_word' id='word_1_260' title='bbox 611 3304 829 3376; x_wconf 87' lang='lat' dir='ltr'><strong>quidem</strong></span> <span class='ocrx_word' id='word_1_261' title='bbox 866 3327 891 3359; x_wconf 88' lang='lat' dir='ltr'><strong>c</strong></span> <span class='ocrx_word' id='word_1_262' title='bbox 907 3323 937 3360; x_wconf 90' lang='grc'><strong>0</strong></span> <span class='ocrx_word' id='word_1_263' title='bbox 951 3329 987 3388; x_wconf 78' lang='lat' dir='ltr'><strong>p</strong></span> <span class='ocrx_word' id='word_1_264' title='bbox 1004 3310 1060 3379; x_wconf 77' lang='lat' dir='ltr'><strong>ia</strong></span> <span class='ocrx_word' id='word_1_265' title='bbox 1117 3311 1354 3368; x_wconf 88' lang='lat' dir='ltr'><strong>videmus</strong></span> <span class='ocrx_word' id='word_1_266' title='bbox 1370 3356 1385 3386; x_wconf 84' lang='lat'>‚</span> <span class='ocrx_word' id='word_1_267' title='bbox 1446 3333 1506 3372; x_wconf 88' lang='lat' dir='ltr'><strong>ut</strong></span> <span class='ocrx_word' id='word_1_268' title='bbox 1544 3342 1570 3374; x_wconf 82' lang='lat' dir='ltr'>a</span> <span class='ocrx_word' id='word_1_269' title='bbox 1586 3323 1621 3375; x_wconf 84' lang='lat' dir='ltr'>h</span> <span class='ocrx_word' id='word_1_270' title='bbox 1636 3344 1671 3378; x_wconf 91' lang='lat' dir='ltr'><strong>u</strong></span> <span class='ocrx_word' id='word_1_271' title='bbox 1687 3345 1720 3379; x_wconf 91' lang='lat' dir='ltr'>n</span> <span class='ocrx_word' id='word_1_272' title='bbox 1734 3325 1768 3379; x_wconf 91' lang='lat' dir='ltr'>d</span> <span class='ocrx_word' id='word_1_273' title='bbox 1784 3347 1812 3379; x_wconf 90' lang='lat' dir='ltr'><strong>c</strong></span> <span class='ocrx_word' id='word_1_274' title='bbox 1826 3349 1858 3380; x_wconf 90' lang='lat' dir='ltr'>n</span> <span class='ocrx_word' id='word_1_275' title='bbox 1879 3343 1900 3381; x_wconf 88' lang='lat' dir='ltr'><strong>t</strong></span> 
     </span>
    </p>
   </div>
   <div class='ocr_carea' id='block_1_13' title="bbox 1770 3416 1899 3487">
    <p class='ocr_par' dir='ltr' id='par_1_13' title="bbox 1770 3416 1899 3487">
     <span class='ocr_line' id='line_1_36' title="bbox 1770 3416 1899 3487; baseline 0 -18"><span class='ocrx_word' id='word_1_276' title='bbox 1770 3416 1899 3487; x_wconf 82' lang='lat' dir='ltr'><strong>phi-</strong></span> 
     </span>
    </p>
   </div>
  </div>
 </body>
</html>
